@String{ JCP     = "Journal of Computational Physics"}
@String{ JAS     = "Journal of Atmospheric Sciences"}
@String{ APJ     = "Astrophysical Journal"}
@String{ MNRAS   = "Monthly Notices of the Royal Astronomical Society"}
@String{ APJ:sup = "Astrophysical Journal Supplement"}
@String{ AAP     = "Astronomy and Astrophysics"}
@String{ SJSSC   = "SIAM J. Sci. Statist. Comput."}
@String{ CAMCOS  = "Communications in Applied Mathematics and Computational Science"}

@article{chen2014two,
  title={Two-dimensional simulations of pulsational pair-instability supernovae},
  author={Chen, Ke-Jung and Woosley, Stan and Heger, Alexander and Almgren, Ann and Whalen, Daniel J},
  journal={The Astrophysical Journal},
  volume={792},
  number={1},
  pages={28},
  year={2014},
  publisher={IOP Publishing}
}

@article{Ogata_etal09,
  title={Quantum three-body calculation of the nonresonant triple-$\alpha$ reaction rate at low temperatures},
  author={Ogata, Kazuyuki and Kan, Masataka and Kamimura, Masayasu},
  journal={Progress of theoretical physics},
  volume={122},
  number={4},
  pages={1055--1064},
  year={2009},
  publisher={Oxford University Press}
}

@article{HEGER_ETAL07B,
  title={Millihertz quasi-periodic oscillations from marginally stable nuclear burning on an accreting neutron star},
  author={Heger, Alexander and Cumming, Andrew and Woosley, Stanford E},
  journal={The Astrophysical Journal},
  volume={665},
  number={2},
  pages={1311},
  year={2007},
  publisher={IOP Publishing}
}

@article{OguPhi62,
  title={Scale analysis of deep and shallow convection in the atmosphere},
  author={Ogura, Yoshimitsu and Phillips, Norman A},
  journal={Journal of the atmospheric sciences},
  volume={19},
  number={2},
  pages={173--179},
  year={1962}
}

@article{Durran_mono,
  title={Atmospheric processes over complex terrain},
  author={Durran, DR and Blumen, W},
  journal={Meteorological Monographs},
  volume={23},
  number={45},
  pages={59--81},
  year={1990}
}

@article{castro,
  title={CASTRO: A new compressible astrophysical solver. I. Hydrodynamics and self-gravity},
  author={Almgren, AS and Beckner, VE and Bell, JB and Day, MS and Howell, LH and Joggerst, CC and Lijewski, MJ and Nonaka, A and Singer, M and Zingale, M},
  journal={The Astrophysical Journal},
  volume={715},
  number={2},
  pages={1221},
  year={2010},
  publisher={IOP Publishing}
}

@article{castroII,
  title={CASTRO: A new compressible astrophysical solver. II. Gray radiation hydrodynamics},
  author={Zhang, W and Howell, L and Almgren, A and Burrows, A and Bell, J},
  journal={The Astrophysical Journal Supplement Series},
  volume={196},
  number={2},
  pages={20},
  year={2011},
  publisher={IOP Publishing}
}

@article{castroIII,
  title={Castro: A new compressible astrophysical solver. iii. multigroup radiation hydrodynamics},
  author={Zhang, W and Howell, L and Almgren, A and Burrows, A and Dolence, J and Bell, J},
  journal={The Astrophysical Journal Supplement Series},
  volume={204},
  number={1},
  pages={7},
  year={2012},
  publisher={IOP Publishing}
}

@article{flash,
  title={FLASH: An adaptive mesh hydrodynamics code for modeling astrophysical thermonuclear flashes},
  author={Fryxell, Bruce and Olson, Kevin and Ricker, Paul and Timmes, FX and Zingale, Michael and Lamb, DQ and MacNeice, Peter and Rosner, Robert and Truran, JW and Tufo, H},
  journal={The Astrophysical Journal Supplement Series},
  volume={131},
  number={1},
  pages={273},
  year={2000},
  publisher={IOP Publishing}
}

@article{Bou03,
  title={Theorie Analytique de la Chaleur vol 2 (Paris: Gauthier-Villars)},
  author={Boussinesq, J},
  year={1903}
}

@article{caughlan-fowler:1988,
  title={Thermonuclear reaction rates V},
  author={Caughlan, Georgeanne R and Fowler, William A},
  journal={Atomic Data and Nuclear Data Tables},
  volume={40},
  number={2},
  pages={283--334},
  year={1988},
  publisher={Elsevier}
}

@article{Bell:2004,
  title={Adaptive low Mach number simulations of nuclear flame microphysics},
  author={Bell, JB and Day, MS and Rendleman, CA and Woosley, SE and Zingale, MA},
  journal={Journal of Computational Physics},
  volume={195},
  number={2},
  pages={677--694},
  year={2004},
  publisher={Elsevier}
}

@article{almgren:2000,
  title={A new look at the pseudo-incompressible solution to Lambâ€™s problem of hydrostatic adjustment},
  author={Almgren, Ann S},
  journal={Journal of the atmospheric sciences},
  volume={57},
  number={7},
  pages={995--998},
  year={2000}
}

@article{timmes_swesty:2000,
  title={The accuracy, consistency, and speed of an electron-positron equation of state based on table interpolation of the Helmholtz free energy},
  author={Timmes, Frank X and Swesty, F Douglas},
  journal={The Astrophysical Journal Supplement Series},
  volume={126},
  number={2},
  pages={501},
  year={2000},
  publisher={IOP Publishing}
}

@article{Lin:2005,
  title={The low Mach number approximation for multidimensional hydrodynamical modeling of type I X-ray bursts},
  author={Lin, David J},
  journal={arXiv preprint cs/0605067},
  year={2006}
}

@article{ABRX:I,
  title={Low Mach number modeling of type Ia supernovae. I. Hydrodynamics},
  author={Almgren, Ann S and Bell, John B and Rendleman, Charles A and Zingale, Michael},
  journal={The Astrophysical Journal},
  volume={637},
  number={2},
  pages={922},
  year={2006},
  publisher={IOP Publishing}
}

@article{ABRZ:II,
  title={Low Mach number modeling of type Ia supernovae. II. energy evolution},
  author={Almgren, Ann S and Bell, John B and Rendleman, Charles A and Zingale, Mike},
  journal={The Astrophysical Journal},
  volume={649},
  number={2},
  pages={927},
  year={2006},
  publisher={IOP Publishing}
}

@article{ABRZ:III,
  title={Low mach number modeling of type ia supernovae. iii. reactions},
  author={Almgren, AS and Bell, JB and Nonaka, A and Zingale, M},
  journal={The Astrophysical Journal},
  volume={684},
  number={1},
  pages={449},
  year={2008},
  publisher={IOP Publishing}
}

@ARTICLE{ZABNW:IV,
   author = {M. Zingale and A. S. Almgren and J. B. Bell and A. Nonaka and S. E. Woosley},
    title = {Low Mach Number Modeling of {T}ype {Ia} Supernovae. {IV}. {W}hite Dwarf Convection},
  journal = APJ,
     year = 2009,
   volume = 704,
    pages = {196-210}
}

@ARTICLE{MAESTRO:Multilevel,
   author = {A. Nonaka and A. S. Almgren and J. B. Bell and M. J. Lijewski and C. M. Malone and M. Zingale},
    title = {{\tt MAESTRO}:An Adaptive Low Mach Number Hydrodynamics Algorithm for Stellar Flows},
  journal = APJ:sup,
     year = {2010},
   volume = {188},
    pages = {358-383},
     note = {paper V}
}

@ARTICLE{schwarzschildharm,
   author = {{Schwarzschild}, M. and {H{\"a}rm}, R.},
    title = "{Therma Instability in Non-Degenerate Stars.}",
  journal = {\apj},
     year = 1965,
    month = oct,
   volume = 142,
    pages = {855-+},
   adsurl = {http://adsabs.harvard.edu/cgi-bin/nph-bib_query?bibcode=1965ApJ...142..855S&db_key=AST},
  adsnote = {Provided by the Smithsonian/NASA Astrophysics Data System}
}

@ARTICLE{Lin:2006,
   author = {{Lin}, D.~J. and {Bayliss}, A. and {Taam}, R.~E.},
    title = "{Low Mach number modeling of Type I X-ray burst deflagrations}",
  journal = {\apj},
     year = 2006,
   volume = 653,
    pages = {545-557}
}

@ARTICLE{CUMM_ETAL06,
   author = {{Cumming}, A. and {Macbeth}, J. and {in 't Zand}, J.~J.~M. and {Page}, D.},
    title = "{Long Type I X-Ray Bursts and Neutron Star Interior Physics}",
  journal = APJ,
     year = 2006,
    month = jul,
   volume = 646,
    pages = {429-451}
}

@INPROCEEDINGS{WOO_WEAV84,
   author    = {{Woosley}, S.~E. and {Weaver}, T.~A.},
   title     = "{Repeated Thermonuclear Flashes on an Accreting Neutron Star}",
   booktitle = {American Institute of Physics Conference Series},
   pages     = {273-+},
   year      = 1984,
   editor    = {{Woosley}, S.~E.},
   volume    = 115,
   series    = {American Institute of Physics Conference Series}
}

@ARTICLE{TAAM_ETAL93,
   author  = {{Taam}, R.~E. and {Woosley}, S.~E. and {Weaver}, T.~A. and {Lamb}, D.~Q.},
   title   = "{Successive X-ray bursts from accreting neutron stars}",
   journal = {\apj},
   year    = 1993,
   volume  = 413,
   pages   = {324-332},
   month   = aug
}

@ARTICLE{HEG_ETAL07,
   author  = {{Heger}, A. and {Cumming}, A. and {Galloway}, D.~K. and {Woosley}, S.~E.},
   title   = "{Models of Type I X-Ray Bursts from GS 1826-24: A Probe of rp-Process Hydrogen Burning}",
   journal = {\apj},
   year    = 2007,
   volume  = 671,
   pages   = {L141-L144},
   month   = dec
}

@InBook{STRO_BILD06,
   author = {{Strohmayer}, T. and {Bildsten}, L.},
   editor = {{Lewin}, W.~H.~G and {van der Klis}, M.},
   title = {Compact Stellar X-Ray Sources},
   publisher = {Cambridge: Cambridge Univ. Press},
   year = 2006,
   pages = {113-+}
}

@ARTICLE{SHARA82,
   author = {{Shara}, M.~M.},
   title = "{Localized thermonuclear runaways and volcanoes on degenerate dwarf stars}",
   journal = {\apj},
   volume = 261,
   pages = {649-660},
   month = oct,
   year = 1982
}

@ARTICLE{ZINGALE_ETAL01,
   author = {{Zingale}, M. and {Timmes}, F.~X. and {Fryxell}, B. and {Lamb}, D.~Q. and {Olson}, K. and {Calder}, A.~C. and {Dursi}, L.~J. and {Ricker}, P. and {Rosner}, R. and {MacNeice}, P. and {Tufo}, H.~M.},
   title = "{Helium Detonations on Neutron Stars}",
   journal = APJ:sup,
   year = 2001,
   volume = 133,
   pages = {195-220},
   month = mar
}

@Article{SPIT_ETAL02,
  author =       {{Spitkovsky}, A. and {Levin}, Y. and {Ushomirsky}, G.},
  title =        "{Propagation of Thermonuclear Flames on Rapidly Rotating Neutron Stars: Extreme Weather during Type I X-Ray Bursts}",
  journal =      apj,
  year =         {2002},
  volume =       {566},
  pages =        {1018-1038},
  month =        {feb}
}

@Article{STRO_ETAL96,
  author =       {{Strohmayer}, T.~E. and {Zhang}, W. and {Swank}, J.~H. and {Smale}, A. and {Titarchuk}, L. and {Day}, C. and {Lee}, U.},
  title =        "{Millisecond X-Ray Variability from an Accreting Neutron Star System}",
  journal =      {\apjl},
  year =         {1996},
  volume =       {469},
  pages =        {L9+},
  month =        {sep}
}

@ARTICLE{NAR_COOP07,
   author = {{Narayan}, R. and {Cooper}, R.~L.},
    title = "{Generation of Type I X-Ray Burst Oscillations by Unstable Surface Modes}",
  journal = {\apj},
   eprint = {arXiv:astro-ph/0702690},
 keywords = {Accretion, Accretion Disks, Stars: Neutron, X-Rays: Binaries, X-Rays: Bursts},
     year = 2007,
    month = aug,
   volume = 665,
    pages = {628-636},
      doi = {10.1086/519552},
   adsurl = {http://adsabs.harvard.edu/abs/2007ApJ...665..628N},
  adsnote = {Provided by the SAO/NASA Astrophysics Data System}
}

@ARTICLE{SWE_MYRA09,
   author = {{Swesty}, F.~D. and {Myra}, E.~S.},
    title = "{A Numerical Algorithm for Modeling Multigroup Neutrino-Radiation Hydrodynamics in Two Spatial Dimensions}",
  journal = {\apjs},
 keywords = {hydrodynamics, radiative transfer, methods: numerical, supernovae: general, stars: interiors},
     year = 2009,
    month = mar,
   volume = 181,
    pages = {1-52},
      doi = {10.1088/0067-0049/181/1/1},
   adsurl = {http://adsabs.harvard.edu/abs/2009ApJS..181....1S},
  adsnote = {Provided by the SAO/NASA Astrophysics Data System}
}

@ARTICLE{BHATTA10,
   author = {{Bhattacharyya}, S.},
    title = "{Measurement of neutron star parameters: a review of methods for low-mass X-ray binaries}",
  journal = {ArXiv e-prints 1001.1642},
archivePrefix = "arXiv",
   eprint = {1001.1642},
 keywords = {Astrophysics - High Energy Astrophysical Phenomena, Astrophysics - Galaxy Astrophysics},
     year = 2010,
    month = jan,
   adsurl = {http://adsabs.harvard.edu/abs/2010arXiv1001.1642B},
  adsnote = {Provided by the SAO/NASA Astrophysics Data System}
}

@INPROCEEDINGS{BILDSTEN00,
   author = {{Bildsten}, L.},
    title = "{Theory and observations of Type I X-Ray bursts from neutron stars}",
 keywords = {X-ray sources (astronomical), neutron stars, nuclear fusion, stellar internal processes, stellar radiation, accretion, stellar rotation, brightness},
booktitle = {American Institute of Physics Conference Series},
     year = 2000,
   series = {American Institute of Physics Conference Series},
   volume = 522,
   editor = "{S.~S.~Holt \& W.~W.~Zhang}",
    month = jun,
    pages = {359-369},
      doi = {10.1063/1.1291736},
   adsurl = {http://adsabs.harvard.edu/abs/2000AIPC..522..359B},
  adsnote = {Provided by the SAO/NASA Astrophysics Data System}
}

@ARTICLE{MUNO_ETAL02,
   author = {{Muno}, M.~P. and {Chakrabarty}, D. and {Galloway}, D.~K. and
        {Psaltis}, D.},
    title = "{The Frequency Stability of Millisecond Oscillations in Thermonuclear X-Ray Bursts}",
  journal = {\apj},
   eprint = {arXiv:astro-ph/0204320},
 keywords = {Stars: Neutron, X-Rays: Bursts, X-Rays: Stars},
     year = 2002,
    month = dec,
   volume = 580,
    pages = {1048-1059},
      doi = {10.1086/343793},
   adsurl = {http://adsabs.harvard.edu/abs/2002ApJ...580.1048M},
  adsnote = {Provided by the SAO/NASA Astrophysics Data System}
}

@ARTICLE{BOHM-VITENSE58,
   author = {{B{\"o}hm-Vitense}, E.},
    title = "{{\"U}ber die Wasserstoffkonvektionszone in Sternen verschiedener Effektivtemperaturen und Leuchtkr{\"a}fte. Mit 5 Textabbildungen}",
  journal = {Zeitschrift fur Astrophysik},
     year = 1958,
   volume = 46,
    pages = {108-+},
   adsurl = {http://adsabs.harvard.edu/abs/1958ZA.....46..108B},
  adsnote = {Provided by the SAO/NASA Astrophysics Data System}
}

@ARTICLE{HEGER_ETAL00,
   author = {{Heger}, A. and {Langer}, N. and {Woosley}, S.~E.},
    title = "{Presupernova Evolution of Rotating Massive Stars. I. Numerical Method and Evolution of the Internal Stellar Structure}",
  journal = {\apj},
   eprint = {arXiv:astro-ph/9904132},
 keywords = {HYDRODYNAMICS, METHODS: NUMERICAL, STARS EARLY-TYPE, STARS: EVOLUTION, STARS: INTERIORS, STARS ROTATION},
     year = 2000,
    month = jan,
   volume = 528,
    pages = {368-396},
      doi = {10.1086/308158},
   adsurl = {http://adsabs.harvard.edu/abs/2000ApJ...528..368H},
  adsnote = {Provided by the SAO/NASA Astrophysics Data System}
}

@ARTICLE{ARNETT_ETAL09,
   author = {{Arnett}, W.~D. and {Meakin}, C. and {Young}, P.~A.},
    title = "{Convection Theory and Sub-photospheric Stratification}",
  journal = {ArXiv e-prints 0910.0821},
archivePrefix = "arXiv",
   eprint = {0910.0821},
 keywords = {Astrophysics - Solar and Stellar Astrophysics},
     year = 2009,
    month = oct,
   adsurl = {http://adsabs.harvard.edu/abs/2009arXiv0910.0821A},
  adsnote = {Provided by the SAO/NASA Astrophysics Data System}
}

@INPROCEEDINGS{ARNETT_ETAL08,
   author = {{Arnett}, D. and {Meakin}, C. and {Starrfield}, S. and {Timmes}, F. and
        {Young}, P.},
    title = "{Theory and Numerics: New Results on Convection in Stars}",
 keywords = {stellar evolution, convection, hydrodynamics, stellar atmospheres, stars},
booktitle = {Evolution and Nucleosynthesis in AGB Stars},
     year = 2008,
   series = {American Institute of Physics Conference Series},
   volume = 1001,
   editor = "{R.~Guandalini, S.~Palmerini, \& M.~Busso}",
    month = apr,
    pages = {287-294},
      doi = {10.1063/1.2916977},
   adsurl = {http://adsabs.harvard.edu/abs/2008AIPC.1001..287A},
  adsnote = {Provided by the SAO/NASA Astrophysics Data System}
}

@ARTICLE{FRY_WOOS_DETONATION_82,
   author = {{Fryxell}, B.~A. and {Woosley}, S.~E.},
    title = "{A two-dimensional model for gamma-ray bursts}",
  journal = {\apj},
 keywords = {GAMMA RAY BURSTS, MAGNETOHYDRODYNAMIC FLOW, NEUTRON STARS, STELLAR MASS ACCRETION, THERMONUCLEAR REACTIONS, TWO DIMENSIONAL MODELS, DETONATION WAVES, HELIUM, HYDROGEN, STELLAR ATMOSPHERES, STELLAR MODELS},
     year = 1982,
    month = jul,
   volume = 258,
    pages = {733-739},
      doi = {10.1086/160121},
   adsurl = {http://adsabs.harvard.edu/abs/1982ApJ...258..733F},
  adsnote = {Provided by the SAO/NASA Astrophysics Data System}
}

@ARTICLE{FRY_WOOS_PROPAGATION_82,
   author = {{Fryxell}, B.~A. and {Woosley}, S.~E.},
    title = "{Finite propagation time in multidimensional thermonuclear runaways}",
  journal = {\apj},
 keywords = {DWARF NOVAE, GAMMA RAY BURSTS, NEUTRON STARS, STELLAR ENVELOPES, THERMONUCLEAR REACTIONS, X RAY SOURCES, HELIUM, PROPAGATION VELOCITY, SURFACE LAYERS, TIME RESPONSE, WHITE DWARF STARS},
     year = 1982,
    month = oct,
   volume = 261,
    pages = {332-336},
      doi = {10.1086/160344},
   adsurl = {http://adsabs.harvard.edu/abs/1982ApJ...261..332F},
  adsnote = {Provided by the SAO/NASA Astrophysics Data System}
}



@ARTICLE{CFL,
   author = {{Courant}, R. and {Friedrichs}, K. and {Lewy}, H.},
    title = "{\"Uber die pariellen Differenzegleichungen der mathematischen Physik}",
  journal = {Mathematische Annalen},
     year = 1928,
   volume = 100,
   number = 1,
    pages = {32-74}
}

@ARTICLE{Timmes00,
   author = {{Timmes}, F.~X.},
    title = "{Physical Properties of Laminar Helium Deflagrations}",
  journal = {\apj},
 keywords = {HYDRODYNAMICS, METHODS: NUMERICAL, NUCLEAR REACTIONS, NUCLEOSYNTHESIS; ABUNDANCES, STARS: INTERIORS},
     year = 2000,
    month = jan,
   volume = 528,
    pages = {913-945},
      doi = {10.1086/308203},
   adsurl = {http://adsabs.harvard.edu/abs/2000ApJ...528..913T},
  adsnote = {Provided by the SAO/NASA Astrophysics Data System},
     note = {Source code obtained from {\tt http://cococubed.asu.edu/code\_pages/kap.shtml}}
}

@ARTICLE{CUMMING_BILDSTEN_00,
   author = {{Cumming}, A. and {Bildsten}, L.},
    title = "{Rotational Evolution during Type I X-Ray Bursts}",
  journal = {\apj},
   eprint = {arXiv:astro-ph/0004347},
 keywords = {Accretion, Accretion Disks, Nuclear Reactions, Nucleosynthesis, Abundances, Stars: Neutron, Stars: Rotation, X-Rays: Bursts},
     year = 2000,
    month = nov,
   volume = 544,
    pages = {453-474},
      doi = {10.1086/317191},
   adsurl = {http://adsabs.harvard.edu/abs/2000ApJ...544..453C},
  adsnote = {Provided by the SAO/NASA Astrophysics Data System}
}

@ARTICLE{Kepler,
   author = {{Weaver}, T.~A. and {Zimmerman}, G.~B. and {Woosley}, S.~E.},
    title = "{Presupernova evolution of massive stars}",
  journal = {\apj},
 keywords = {ASTRONOMICAL MODELS, NUCLEAR FUSION, STELLAR EVOLUTION, STELLAR MASS, STELLAR STRUCTURE, SUPERNOVAE, ABUNDANCE, GIANT STARS, GRAVITATIONAL COLLAPSE, HYDROSTATICS, SILICON},
     year = 1978,
    month = nov,
   volume = 225,
    pages = {1021-1029},
      doi = {10.1086/156569},
   adsurl = {http://adsabs.harvard.edu/abs/1978ApJ...225.1021W},
  adsnote = {Provided by the SAO/NASA Astrophysics Data System}
}

@ARTICLE{CUMMING_03,
   author = {{Cumming}, A.},
    title = "{Models of Type I X-Ray Bursts from 4U 1820-30}",
  journal = {\apj},
   eprint = {arXiv:astro-ph/0306245},
 keywords = {Accretion, Accretion Disks, Stars: Individual: Alphanumeric: 4U 1820-30, Stars: Neutron, X-Rays: Bursts},
     year = 2003,
    month = oct,
   volume = 595,
    pages = {1077-1085},
      doi = {10.1086/377446},
   adsurl = {http://adsabs.harvard.edu/abs/2003ApJ...595.1077C},
  adsnote = {Provided by the SAO/NASA Astrophysics Data System}
}

@ARTICLE{FL87_XRB,
   author = {{Fushiki}, I. and {Lamb}, D.~Q.},
    title = "{New insights from a global view of X-ray bursts}",
  journal = {\apjl},
 keywords = {NEUTRON STARS, STELLAR MASS ACCRETION, STELLAR TEMPERATURE, X RAY SOURCES, ASTRONOMICAL MODELS, NUCLEAR FUELS, NUCLEAR REACTIONS},
     year = 1987,
    month = dec,
   volume = 323,
    pages = {L55-L60},
      doi = {10.1086/185056},
   adsurl = {http://adsabs.harvard.edu/abs/1987ApJ...323L..55F},
  adsnote = {Provided by the SAO/NASA Astrophysics Data System}
}

@ARTICLE{ppm-hse,
   author = {{Zingale}, M. and {Dursi}, L.~J. and {ZuHone}, J. and {Calder}, A.~C. and
        {Fryxell}, B. and {Plewa}, T. and {Truran}, J.~W. and {Caceres}, A. and
        {Olson}, K. and {Ricker}, P.~M. and {Riley}, K. and {Rosner}, R. and
        {Siegel}, A. and {Timmes}, F.~X. and {Vladimirova}, N.},
    title = "{Mapping Initial Hydrostatic Models in Godunov Codes}",
  journal = APJ:sup,
     year = 2002,
    month = dec,
   volume = 143,
    pages = {539-565}
}

@ARTICLE{pember_etal:1998,
   author = {{Pember}, R.~B. and {Howell}, L.~H. and {Bell}, J.~B. and {Colella}, P. and {Crutchfield}, C.~Y. and {Fiveland}, W.~A. and {Jessee}, J.~P.},
    title = "{An Adaptive Projection Method for Unsteady, Low-Mach Number Combustion}",
  journal = {Combustion Science and Technology},
     year = 1998,
   volume = 140,
    pages = {123-168}
}

@ARTICLE{Graboske_etal:1973,
   author = {{Graboske}, H.~C. and {Dewitt}, H.~E. and {Grossman}, A.~S. and {Cooper}, M.~S.},
    title = "{Screening Factors for Nuclear Reactions. 11. Intermediate Screen-Ing and Astrophysical Applications}",
  journal = {\apj},
     year = 1973,
    month = apr,
   volume = 181,
    pages = {457-474},
      doi = {10.1086/152062},
   adsurl = {http://adsabs.harvard.edu/abs/1973ApJ...181..457G},
  adsnote = {Provided by the SAO/NASA Astrophysics Data System}
}

@ARTICLE{Alastuey_Jancovici:1978,
   author = {{Alastuey}, A. and {Jancovici}, B.},
    title = "{Nuclear reaction rate enhancement in dense stellar matter}",
  journal = {\apj},
 keywords = {ASTROPHYSICS, MAGNETOHYDRODYNAMICS, NUCLEAR ASTROPHYSICS, REACTION KINETICS, THERMONUCLEAR REACTIONS, CORRELATION, NUCLEI (NUCLEAR PHYSICS), PERTURBATION THEORY, POTENTIAL THEORY, QUANTUM MECHANICS},
     year = 1978,
    month = dec,
   volume = 226,
    pages = {1034-1040},
      doi = {10.1086/156681},
   adsurl = {http://adsabs.harvard.edu/abs/1978ApJ...226.1034A},
  adsnote = {Provided by the SAO/NASA Astrophysics Data System}
}

@ARTICLE{ALTAMIRANO_ETAL10,
   author = {{Altamirano}, D. and {Watts}, A. and {Linares}, M. and {Markwardt}, C.~B. and {Strohmayer}, T. and {Patruno}, A.},
    title = "{Type I X-ray bursts and burst oscillations in the accreting millisecond X-ray pulsar IGR J17511-3057}",
  journal = {ArXiv e-prints},
archivePrefix = "arXiv",
   eprint = {1005.5299},
 keywords = {Astrophysics - High Energy Astrophysical Phenomena},
     year = 2010,
    month = may,
   adsurl = {http://adsabs.harvard.edu/abs/2010arXiv1005.5299A},
  adsnote = {Provided by the SAO/NASA Astrophysics Data System}
}



@BOOK{CoxGiuli,
   author = {{Cox}, J.~P. and {Giuli}, R.~T.},
    title = "{Principles of stellar structure}",
 keywords = {STARS: STRUCTURE},
booktitle = {New York, Gordon and Breach [1968]},
     year = 1968,
   editor = "{Cox, J.~P.~\& Giuli, R.~T.}",
   adsurl = {http://adsabs.harvard.edu/abs/1968QB801.C65......},
  adsnote = {Provided by the SAO/NASA Astrophysics Data System}
}

@article{Kesel_Win72,
author = {Kesel, Philip G. and Winninghoff, Francis J.},
title = {The Fleet Numerical Weather Central Operational Primitive-Equation Model},
journal = {Monthly Weather Review},
volume = {100},
number = {5},
pages = {360-373},
year = {1972},
doi = {10.1175/1520-0493(1972)100<0360:TFNWCO>2.3.CO;2},
URL = {http://journals.ametsoc.org/doi/abs/10.1175/1520-0493\%281972\%29100\%3C0360\%3ATFNWCO\%3E2.3.CO\%3B2},
eprint = {http://journals.ametsoc.org/doi/pdf/10.1175/1520-0493\%281972\%29100\%3C0360\%3ATFNWCO\%3E2.3.CO\%3B2}
}

@article{Perkey_Kreit76,
author = {Perkey, Donald J. and Kreitzberg, Carl W.},
title = {A Time-Dependent Lateral Boundary Scheme for Limited-Area Primitive Equation Models},
journal = {Monthly Weather Review},
volume = {104},
number = {6},
pages = {744-755},
year = {1976},
doi = {10.1175/1520-0493(1976)104<0744:ATDLBS>2.0.CO;2},
URL = {http://journals.ametsoc.org/doi/abs/10.1175/1520-0493\%281976\%29104\%3C0744\%3AATDLBS\%3E2.0.CO\%3B2},
eprint = {http://journals.ametsoc.org/doi/pdf/10.1175/1520-0493\%281976\%29104\%3C0744\%3AATDLBS\%3E2.0.CO\%3B2}
}

@article{Durran_Klemp83,
author = {Durran, Dale R. and Klemp, Joseph B.},
title = {A Compressible Model for the Simulation of Moist Mountain Waves},
journal = {Monthly Weather Review},
volume = {111},
number = {12},
pages = {2341-2361},
year = {1983},
doi = {10.1175/1520-0493(1983)111<2341:ACMFTS>2.0.CO;2},
URL = {http://journals.ametsoc.org/doi/abs/10.1175/1520-0493\%281983\%29111\%3C2341\%3AACMFTS\%3E2.0.CO\%3B2},
eprint = {http://journals.ametsoc.org/doi/pdf/10.1175/1520-0493\%281983\%29111\%3C2341\%3AACMFTS\%3E2.0.CO\%3B2}
}

@article{Chen_etal05,
author = {Chen, Chih-Chieh and Durran, Dale R. and Hakim, Gregory J.},
title = {Mountain-Wave Momentum Flux in an Evolving Synoptic-Scale Flow},
journal = {Journal of the Atmospheric Sciences},
volume = {62},
number = {9},
pages = {3213-3231},
year = {2005},
doi = {10.1175/JAS3543.1},
URL = {http://journals.ametsoc.org/doi/abs/10.1175/JAS3543.1},
eprint = {http://journals.ametsoc.org/doi/pdf/10.1175/JAS3543.1}
}

@BOOK{Kipp_Weigert,
   author = {{Kippenhahn}, R. and {Weigert}, A.},
    title = "{Stellar Structure and Evolution}",
 keywords = {SONNE, STERNENTWICKLUNG, STERNAUFBAU, STERNE, STELLAR STRUCTURE, STELLAR EVOLUTION, Sonne, Sternaufbau, Sterne, Sternentwicklung, stars, stellar models, sun},
booktitle = {Stellar Structure and Evolution, XVI, 468 pp.~192 figs..~ Springer-Verlag Berlin Heidelberg New York.~Also Astronomy and Astrophysics Library},
     year = 1994,
   editor = "{Kippenhahn, R.~\& Weigert, A.}",
   adsurl = {http://adsabs.harvard.edu/abs/1994sse..book.....K},
  adsnote = {Provided by the SAO/NASA Astrophysics Data System}
}

@ARTICLE{xrb,
   author = {{Malone}, C.~M. and {Nonaka}, A. and {Almgren}, A.~S. and {Bell}, J.~B. and
{Zingale}, M.},
    title = "{Multidimensional Modeling of Type I X-ray Bursts. I. Two-dimensional Convection Prior to the Outburst of a Pure $^{4}$He Accretor}",
  journal = APJ,
archivePrefix = "arXiv",
   eprint = {1012.0609},
 primaryClass = "astro-ph.HE",
 keywords = {convection, hydrodynamics, methods: numerical, stars: neutron, X-rays: bursts},
     year = 2011,
    month = feb,
   volume = 728,
      eid = {118},
    pages = {118},
      doi = {10.1088/0004-637X/728/2/118},
   adsurl = {http://adsabs.harvard.edu/abs/2011ApJ...728..118M},
  adsnote = {Provided by the SAO/NASA Astrophysics Data System}
}


@ARTICLE{subchandra,
   author = {{Zingale}, M. and {Nonaka}, A. and {Almgren}, A.~S. and {Bell}, J.~B. and
{Malone}, C.~M. and {Orvedahl}, R.~J.},
title = "{Low Mach Number Modeling of Convection in Helium Shells on Sub-Chandrasekhar White Dwarfs. I. Methodology}",
  journal = APJ,
archivePrefix = "arXiv",
   eprint = {1212.4380},
 primaryClass = "astro-ph.SR",
 keywords = {convection, hydrodynamics, methods: numerical, nuclear reactions, nucleosynthesis, abundances, supernovae: general, white dwarfs },
     year = 2013,
    month = feb,
   volume = 764,
      eid = {97},
    pages = {97},
      doi = {10.1088/0004-637X/764/1/97},
   adsurl = {http://adsabs.harvard.edu/abs/2013ApJ...764...97Z},
  adsnote = {Provided by the SAO/NASA Astrophysics Data System}
}

@ARTICLE{wdconvect,
   author = {{Zingale}, M. and {Nonaka}, A. and {Almgren}, A.~S. and {Bell}, J.~B. and
	{Malone}, C.~M. and {Woosley}, S.~E.},
    title = "{The Convective Phase Preceding Type Ia Supernovae}",
  journal = APJ,
 keywords = {convection, hydrodynamics, methods: numerical, nuclear reactions, nucleosynthesis, abundances, supernovae: general, white dwarfs},
     year = 2011,
    month = oct,
   volume = 740,
      eid = {8},
    pages = {8},
      doi = {10.1088/0004-637X/740/1/8},
   adsurl = {http://adsabs.harvard.edu/abs/2011ApJ...740....8Z},
  adsnote = {Provided by the SAO/NASA Astrophysics Data System}
}


@ARTICLE{wdturb,
   author = {{Nonaka}, A. and {Aspden}, A.~J. and {Zingale}, M. and {Almgren}, A.~S. and
{Bell}, J.~B. and {Woosley}, S.~E.},
    title = "{High-resolution Simulations of Convection Preceding Ignition in Type Ia Supernovae Using Adaptive Mesh Refinement}",
  journal = APJ,
archivePrefix = "arXiv",
   eprint = {1111.3086},
 primaryClass = "astro-ph.HE",
 keywords = {convection, hydrodynamics, methods: numerical, nuclear reactions, nucleosynthesis, abundances, supernovae: general, white dwarfs},
     year = 2012,
    month = jan,
   volume = 745,
      eid = {73},
    pages = {73},
      doi = {10.1088/0004-637X/745/1/73},
   adsurl = {http://adsabs.harvard.edu/abs/2012ApJ...745...73N},
  adsnote = {Provided by the SAO/NASA Astrophysics Data System}
}



@ARTICLE{wallacewoosley:1981,
   author = {{Wallace}, R.~K. and {Woosley}, S.~E.},
    title = "{Explosive hydrogen burning}",
  journal = {\apjs},
 keywords = {ABUNDANCE, ASTROPHYSICS, HYDROGEN, METALLIC STARS, NUCLEAR FUSION, REACTION KINETICS, STELLAR EVOLUTION, GAMMA RAYS, HIGH TEMPERATURE, ISOTOPES, NEUTRON STARS, NOVAE, RESONANCE, SUPERMASSIVE STARS, X RAY SOURCES},
     year = 1981,
    month = feb,
   volume = 45,
    pages = {389-420},
      doi = {10.1086/190717},
   adsurl = {http://adsabs.harvard.edu/abs/1981ApJS...45..389W},
  adsnote = {Provided by the SAO/NASA Astrophysics Data System}
}

@ARTICLE{lewin81,
   author = {{Lewin}, W.~H.~G. and {Joss}, P.~C.},
    title = "{X-ray bursters and the X-ray sources of the galactic bulge}",
  journal = {Space Science Reviews},
     year = 1981,
   volume = 28,
    pages = {3-87}
}

@ARTICLE{lewin93,
   author = {{Lewin}, W.~H.~G. and {van Paradijs}, J. and {Taam}, R.~E.},
    title = "{X-Ray Bursts}",
  journal = {Space Science Reviews},
     year = 1993,
   volume = 62,
    pages = {223}
}

@INPROCEEDINGS{strohmayerbildsten2003,
   author = {{Strohmayer}, T. and {Bildsten}, L.},
    title = "{New Views of Thermonuclear Bursts}",
booktitle = {Compact Stellar X-Ray Sources},
   editor = {{Lewin}, W.~H.~G. and {van der Klis}, M.},
  address = {Cambridge},
  publisher = {Cambridge University Press},
     year = 2005
}

@ARTICLE{fujimoto1981,
   author = {{Fujimoto}, M.~Y. and {Hanawa}, T. and {Miyaji}, S.},
    title = "{Shell flashes on accreting neutron stars and X-ray bursts}",
  journal = APJ,
 keywords = {NEUTRON STARS, NUCLEAR REACTIONS, STELLAR MASS ACCRETION, STELLAR\
 RADIATION, THERMAL STABILITY, X RAY SOURCES, CARBON, HELIUM, HYDROGEN, NITROG\
EN, OXYGEN},
     year = 1981,
   volume = 247,
    pages = {267-278},
      doi = {10.1086/159034},
   adsurl = {http://adsabs.harvard.edu/abs/1981ApJ...247..267F},
  adsnote = {Provided by the SAO/NASA Astrophysics Data System}
}

@ARTICLE{rpprocess,
   author = {{Schatz}, H. and {Aprahamian}, A. and {Barnard}, V. and {Bildsten}, L. and
{Cumming}, A. and {Ouellette}, M. and {Rauscher}, T. and {Thielemann}, {F.-K.} and
{Wiescher}, M.},
    title = "{End Point of the rp Process on Accreting Neutron Stars}",
  journal = {Physical Review Letters},
   eprint = {arXiv:astro-ph/0102418},
     year = 2001,
    month = apr,
   volume = 86,
    pages = {3471-3474},
      doi = {10.1103/PhysRevLett.86.3471},
   adsurl = {http://adsabs.harvard.edu/abs/2001PhRvL..86.3471S},
  adsnote = {Provided by the SAO/NASA Astrophysics Data System}
}


@ARTICLE{taam1980,
   author = {{Taam}, R.~E.},
    title = "{X-ray bursts from thermonuclear runaways on accreting neutron stars}",
  journal = APJ,
 keywords = {NEUTRON STARS, NUCLEAR FUSION, STELLAR ENVELOPES, STELLAR MASS ACCRETION, X RAY SOURCES, ABU\
NDANCE, CYANO COMPOUNDS, STELLAR EVOLUTION, STELLAR LUMINOSITY, STELLAR TEMPERATURE},
     year = 1980,
   volume = 241,
    pages = {358-366},
      doi = {10.1086/158348},
   adsurl = {http://adsabs.harvard.edu/abs/1980ApJ...241..358T},
  adsnote = {Provided by the SAO/NASA Astrophysics Data System}
}

@ARTICLE{taamwoosleylamb1996,
   author = {{Taam}, R.~E. and {Woosley}, S.~E. and {Lamb}, D.~Q.},
    title = "{The Effect of Deep Hydrogen Burning in the Accreted Envelope of a Neutron Star on the Prope\
rties of X-Ray Bursts}",
  journal = APJ,
 keywords = {NUCLEAR REACTIONS, NUCLEOSYNTHESIS, ABUNDANCES, STARS: INTERIORS, STARS: NEUTRON, X-RAYS: BU\
RSTS},
     year = 1996,
   volume = 459,
    pages = {271-+},
      doi = {10.1086/176890},
   adsurl = {http://adsabs.harvard.edu/abs/1996ApJ...459..271T},
  adsnote = {Provided by the SAO/NASA Astrophysics Data System}
}



@ARTICLE{schatz:rp1999,
   author = {{Schatz}, H. and {Bildsten}, L. and {Cumming}, A. and {Wiescher}, M.},
    title = "{The Rapid Proton Process Ashes from Stable Nuclear Burning on an Accreting Neutron Star}",
  journal = APJ,
   eprint = {arXiv:astro-ph/9905274},
 keywords = {ACCRETION, ACCRETION DISKS, NUCLEAR REACTIONS, NUCLEOSYNTHESIS, ABUNDANCES, STARS: NEUTRON, \
X-RAYS: BURSTS},
     year = 1999,
   volume = 524,
    pages = {1014-1029},
      doi = {10.1086/307837},
   adsurl = {http://adsabs.harvard.edu/abs/1999ApJ...524.1014S},
  adsnote = {Provided by the SAO/NASA Astrophysics Data System}
}

@Book{KipWei,
  author =       {Rudolf Kippenhahn and Alfred Weigert},
  title =        {Stellar Structure and Evolution},
  publisher =    {Springer Verlag},
  year =         {1992},
}

@ARTICLE{cavecchi:2012,
   author = {{Cavecchi}, Y. and {Watts}, A.~L. and {Braithwaite}, J. and
	{Levin}, Y.},
    title = "{Flame propagation on the surfaces of rapidly rotating neutron stars during Type I X-ray bursts}",
  journal = MNRAS,
archivePrefix = "arXiv",
   eprint = {1212.2872},
 primaryClass = "astro-ph.HE",
 keywords = {hydrodynamics, methods: numerical, stars: neutron, X-rays: bursts},
     year = 2013,
    month = oct,
   volume = 434,
    pages = {3526-3541},
      doi = {10.1093/mnras/stt1273},
   adsurl = {http://adsabs.harvard.edu/abs/2013MNRAS.434.3526C},
  adsnote = {Provided by the SAO/NASA Astrophysics Data System}
}

@ARTICLE{art-2015-cavecchi-etal,
   author = {{Cavecchi}, Y. and {Watts}, A.~L. and {Levin}, Y. and {Braithwaite}, J.
	},
    title = "{Rotational effects in thermonuclear type I bursts: equatorial crossing and directionality of flame spreading}",
  journal = {\mnras},
 archivePrefix = "arXiv",
   eprint = {1411.2284},
 primaryClass = "astro-ph.HE",
 keywords = {hydrodynamics, methods: numerical, stars: neutron, X-rays: bursts},
     year = 2015,
    month = mar,
   volume = 448,
    pages = {445-455},
      doi = {10.1093/mnras/stu2764},
   adsurl = {http://adsabs.harvard.edu/abs/2015MNRAS.448..445C},
  adsnote = {Provided by the SAO/NASA Astrophysics Data System}
}

@ARTICLE{art-2016-cavecchi-etal,
   author = {{Cavecchi}, Y. and {Levin}, Y. and {Watts}, A.~L. and {Braithwaite}, J.
        },
    title = "{Fast and slow magnetic deflagration fronts in type I X-ray bursts}",
  journal = {\mnras},
 archivePrefix = "arXiv",
   eprint = {1509.02497},
 primaryClass = "astro-ph.HE",
 keywords = {MHD, methods: analytical, methods: numerical, stars: neutron, X-rays: bursts, X-rays: individual: IGR J17480-2446},
     year = 2016,
    month = jun,
   volume = 459,
    pages = {1259-1275},
      doi = {10.1093/mnras/stw728},
   adsurl = {http://adsabs.harvard.edu/abs/2016MNRAS.459.1259C},
  adsnote = {Provided by the SAO/NASA Astrophysics Data System}
}
@INPROCEEDINGS{art-2017-wilhod-etal,
   author = {{Wilson-Hodge}, C.~A. and {Ray}, P.~S. and {Gendreau}, K. and
	{Chakrabarty}, D. and {Feroci}, M. and {Maccarone}, T. and {Arzoumanian}, Z. and
	{Remillard}, R.~A. and {Wood}, K. and {Griffith}, C. and {STROBE-X Collaboration}
	},
    title = "{STROBE-X: X-ray Timing {\amp} Spectroscopy on Dynamical Timescales from Microseconds to Years}",
booktitle = {American Astronomical Society Meeting Abstracts},
     year = 2017,
   series = {American Astronomical Society Meeting Abstracts},
   volume = 229,
    month = jan,
      eid = {309.04},
    pages = {309.04},
  adsnote = {Provided by the SAO/NASA Astrophysics Data System}
}

@INPROCEEDINGS{art-2016-zhang-etal,
   author = {{Zhang}, S.~N. and others},
    title = "{eXTP: Enhanced X-ray Timing and Polarization mission}",
booktitle = {Space Telescopes and Instrumentation 2016: Ultraviolet to Gamma Ray},
     year = 2016,
   series = {Proc.~SPIE},
   volume = 9905,
archivePrefix = "arXiv",
   eprint = {1607.08823},
 primaryClass = "astro-ph.IM",
    month = jul,
      eid = {99051Q},
    pages = {99051Q},
      doi = {10.1117/12.2232034},
  adsnote = {Provided by the SAO/NASA Astrophysics Data System}
}

@ARTICLE{kleinpauluis,
   author = {{Klein}, R. and {Pauluis}, O.},
    title = "{Thermodynamic Consistency of a Pseudoincompressible Approximation for General Equations of State}",
  journal = {Journal of Atmospheric Sciences},
     year = 2012,
    month = mar,
   volume = 69,
    pages = {961-968},
      doi = {10.1175/JAS-D-11-0110.1},
   adsurl = {http://adsabs.harvard.edu/abs/2012JAtS...69..961K},
  adsnote = {Provided by the SAO/NASA Astrophysics Data System}
}

@ARTICLE{vasil:2013,
   author = {{Vasil}, G.~M. and {Lecoanet}, D. and {Brown}, B.~P. and {Wood}, T.~S. and
	{Zweibel}, E.~G.},
    title = "{Energy Conservation and Gravity Waves in Sound-proof Treatments of Stellar Interiors. II. Lagrangian Constrained Analysis}",
  journal = APJ,
archivePrefix = "arXiv",
   eprint = {1303.0005},
 primaryClass = "astro-ph.SR",
 keywords = {planets and satellites: atmospheres, stars: interiors, Sun: interior },
     year = 2013,
    month = aug,
   volume = 773,
      eid = {169},
    pages = {169},
      doi = {10.1088/0004-637X/773/2/169},
   adsurl = {http://adsabs.harvard.edu/abs/2013ApJ...773..169V},
  adsnote = {Provided by the SAO/NASA Astrophysics Data System}
}


@ARTICLE{simonenko:2012,
   author = {{Simonenko}, V.~A. and {Gryaznykh}, D.~A. and {Litvinenko}, I.~A. and
{Lykov}, V.~A. and {Shushlebin}, A.~N.},
    title = "{Mechanism of thermonuclear burning propagation in a helium layer on a neutron star surface: A refined model with heat conduction and subgrid turbulence}",
  journal = {Astronomy Letters},
 keywords = {X-ray bursts, thermonuclear burning, numerical simulations},
     year = 2012,
    month = may,
   volume = 38,
    pages = {305-320},
      doi = {10.1134/S1063773712050088},
   adsurl = {http://adsabs.harvard.edu/abs/2012AstL...38..305S},
  adsnote = {Provided by the SAO/NASA Astrophysics Data System}
}

@article{ReacLib,
  author={Richard H. Cyburt and A. Matthew Amthor and Ryan Ferguson
                  and Zach Meisel and Karl Smith and Scott Warren and
                  Alexander Heger and R. D. Hoffman and Thomas
                  Rauscher and Alexander Sakharuk and Hendrik Schatz
                  and F. K. Thielemann and Michael Wiescher},
  title={The JINA REACLIB Database: Its Recent Updates and Impact on
                  Type-I X-ray Bursts},
  journal={\apjs},
  volume={189},
  number={1},
  pages={240},
  url={http://stacks.iop.org/0067-0049/189/i=1/a=240},
  year={2010}
}


@article{maestroenergy,
  title = "{On New Low Mach Number Equations for Stratified Flows}",
 author = {{Almgren}, A.~S. and {Bell}, J.~B. and {Nonaka}, A. and {Zingale}, M.},
 year={2013},
 note={to be submitted to ApJ}
}


@ARTICLE{parikh:2013,
   author = {{Parikh}, A. and {Jos{\'e}}, J. and {Sala}, G. and {Iliadis}, C.
},
    title = "{Nucleosynthesis in type I X-ray bursts}",
  journal = {Progress in Particle and Nuclear Physics},
archivePrefix = "arXiv",
   eprint = {1211.5900},
 primaryClass = "astro-ph.SR",
     year = 2013,
    month = mar,
   volume = 69,
    pages = {225-253},
      doi = {10.1016/j.ppnp.2012.11.002},
   adsurl = {http://adsabs.harvard.edu/abs/2013PrPNP..69..225P},
  adsnote = {Provided by the SAO/NASA Astrophysics Data System}
}

@ARTICLE{jose:2010,
   author = {{Jos{\'e}}, J. and {Moreno}, F. and {Parikh}, A. and {Iliadis}, C.
},
    title = "{Hydrodynamic Models of Type I X-ray Bursts: Metallicity Effects}",
  journal = {\apjs},
archivePrefix = "arXiv",
   eprint = {1005.4767},
 primaryClass = "astro-ph.SR",
 keywords = {hydrodynamics, nuclear reactions, nucleosynthesis, abundances, stars: neutron, X-rays: bursts},
     year = 2010,
    month = jul,
   volume = 189,
    pages = {204-239},
      doi = {10.1088/0067-0049/189/1/204},
   adsurl = {http://adsabs.harvard.edu/abs/2010ApJS..189..204J},
  adsnote = {Provided by the SAO/NASA Astrophysics Data System}
}

@ARTICLE{meakin:2007,
   author = {{Meakin}, C.~A. and {Arnett}, D.},
    title = "{Turbulent Convection in Stellar Interiors. I. Hydrodynamic Simulation}",
  journal = APJ,
   eprint = {astro-ph/0611315},
 keywords = {Hydrodynamics, Instabilities, Nuclear Reactions, Nucleosynthesis, Abundances, Stars: Evolution, Stars: General, Stars: Interiors, Stars: Supernovae: General, Turbulence, Waves},
     year = 2007,
    month = sep,
   volume = 667,
    pages = {448-475},
      doi = {10.1086/520318},
   adsurl = {http://adsabs.harvard.edu/abs/2007ApJ...667..448M},
  adsnote = {Provided by the SAO/NASA Astrophysics Data System}
}

@ARTICLE{arnett:2009,
   author = {{Arnett}, W. D. and {Meakin}, C. and {Young}, P.~A.},
    title = "{Turbulent Convection in Stellar Interiors. II. The Velocity Field}",
  journal = APJ,
archivePrefix = "arXiv",
   eprint = {0809.1625},
 keywords = {convection, hydrodynamics, stars: evolution, turbulence},
     year = 2009,
    month = jan,
   volume = 690,
    pages = {1715-1729},
      doi = {10.1088/0004-637X/690/2/1715},
   adsurl = {http://adsabs.harvard.edu/abs/2009ApJ...690.1715A},
  adsnote = {Provided by the SAO/NASA Astrophysics Data System}
}

@ARTICLE{intZand:2010,
   author = {{in 't Zand}, J.~J.~M. and {Weinberg}, N.~N.},
    title = "{Evidence of heavy-element ashes in thermonuclear X-ray bursts with photospheric superexpansion}",
  journal = AAP,
archivePrefix = "arXiv",
   eprint = {1001.0900},
 primaryClass = "astro-ph.HE",
 keywords = {X-rays: binaries, nuclear reactions, nucleosynthesis, abundances, stars: neutron, radiative transfer, X-rays: general},
     year = 2010,
    month = sep,
   volume = 520,
    pages = {A81+},
      doi = {10.1051/0004-6361/200913952},
   adsurl = {http://adsabs.harvard.edu/abs/2010A%26A...520A..81I},
  adsnote = {Provided by the SAO/NASA Astrophysics Data System}
}

@ARTICLE{bhattacharyya:2010,
   author = {{Bhattacharyya}, S. and {Miller}, M.~C. and {Galloway}, D.~K.},
    title = "{Systematic variation in the apparent burning area of thermonuclear bursts and its implication for neutron star radius measurement}",
  journal = MNRAS,
archivePrefix = "arXiv",
   eprint = {0908.4245},
 primaryClass = "astro-ph.HE",
 keywords = {nuclear reactions, nucleosynthesis, abundances, stars: fundamental parameters, stars: neutron, X-rays: binaries, X-rays: bursts},
     year = 2010,
    month = jan,
   volume = 401,
    pages = {2-6},
      doi = {10.1111/j.1365-2966.2009.15632.x},
   adsurl = {http://adsabs.harvard.edu/abs/2010MNRAS.401....2B},
  adsnote = {Provided by the SAO/NASA Astrophysics Data System}
}

@ARTICLE{vode,
  author={P. N. Brown and G. D. Byrne and A. C. Hindmarsh},
  title={{VODE}: A Variable Coefficient ODE Solver},
  journal={SIAM J. Sci. Stat. Comput.},
  volume={10},
  pages={1038-1051},
  year={1989}
}

@ARTICLE{intZand2011,
   author = {{in 't Zand}, J.},
    title = "{X-ray bursts and superbursts - recent developments}",
  journal = {ArXiv e-prints},
archivePrefix = "arXiv",
   eprint = {1102.3345},
 primaryClass = "astro-ph.HE",
 keywords = {Astrophysics - High Energy Astrophysical Phenomena},
     year = 2011,
    month = feb,
   adsurl = {http://adsabs.harvard.edu/abs/2011arXiv1102.3345I},
  adsnote = {Provided by the SAO/NASA Astrophysics Data System}
}

@ARTICLE{parikh:2014,
   author = {{Parikh}, A. and {Jose}, J. and {Sala}, G.},
    title = "{Classical novae and type I X-ray bursts: challenges for the 21st century}",
  journal = {ArXiv e-prints},
archivePrefix = "arXiv",
   eprint = {1401.5279},
 primaryClass = "astro-ph.SR",
 keywords = {Astrophysics - Solar and Stellar Astrophysics},
     year = 2014,
    month = jan,
   adsurl = {http://adsabs.harvard.edu/abs/2014arXiv1401.5279P},
  adsnote = {Provided by the SAO/NASA Astrophysics Data System}
}

@ARTICLE{galloway:2008,
   author = {{Galloway}, D.~K. and {Muno}, M.~P. and {Hartman}, J.~M. and {Psaltis}, D. and {Chakrabarty}, D.},
    title = "{Thermonuclear (Type I) X-Ray Bursts Observed by the Rossi X-Ray Timing Explorer}",
  journal = {\apjs},
   eprint = {astro-ph/0608259},
 keywords = {Nuclear Reactions, Nucleosynthesis, Abundances, Stars: Distances, Stars: Neutron, X-Rays: Bursts},
     year = 2008,
    month = dec,
   volume = 179,
    pages = {360-422},
      doi = {10.1086/592044},
   adsurl = {http://adsabs.harvard.edu/abs/2008ApJS..179..360G},
  adsnote = {Provided by the SAO/NASA Astrophysics Data System}
}

@ARTICLE{xrb2,
   author = {{Malone}, C.~M. and {Zingale}, M. and {Nonaka}, A. and {Almgren}, A.~S. and
{Bell}, J.~B.},
    title = "{Multidimensional Modeling of Type I X-Ray Bursts. II. Two-dimensional Convection in a Mixed H/He Accretor}",
  journal = APJ,
 keywords = {convection, hydrodynamics, methods: numerical, stars: neutron, X-rays: bursts },
     year = 2014,
    month = jun,
   volume = 788,
      eid = {115},
    pages = {115},
      doi = {10.1088/0004-637X/788/2/115},
   adsurl = {http://adsabs.harvard.edu/abs/2014ApJ...788..115M},
  adsnote = {Provided by the SAO/NASA Astrophysics Data System}
}

@article{yt,
  title={yt: A multi-code analysis toolkit for astrophysical simulation data},
  author={Turk, Matthew J and Smith, Britton D and Oishi, Jeffrey S and Skory, Stephen and Skillman, Samuel W and Abel, Tom and Norman, Michael L},
  journal={The Astrophysical Journal Supplement Series},
  volume={192},
  number={1},
  pages={9},
  year={2010},
  publisher={IOP Publishing}
}

@ARTICLE{steiner:2010,
   author = {{Steiner}, A.~W. and {Lattimer}, J.~M. and {Brown}, E.~F.},
    title = "{The Equation of State from Observed Masses and Radii of Neutron Stars}",
  journal = APJ,
archivePrefix = "arXiv",
   eprint = {1005.0811},
 primaryClass = "astro-ph.HE",
 keywords = {dense matter, stars: neutron, X-rays: binaries, X-rays: bursts },
     year = 2010,
    month = oct,
   volume = 722,
    pages = {33-54},
      doi = {10.1088/0004-637X/722/1/33},
   adsurl = {http://adsabs.harvard.edu/abs/2010ApJ...722...33S},
  adsnote = {Provided by the SAO/NASA Astrophysics Data System}
}

@ARTICLE{ozel:2010,
   author = {{{\"O}zel}, F. and {Baym}, G. and {G{\"u}ver}, T.},
    title = "{Astrophysical measurement of the equation of state of neutron star matter}",
  journal = {\prd},
archivePrefix = "arXiv",
   eprint = {1002.3153},
 primaryClass = "astro-ph.HE",
 keywords = {Neutron stars, Nuclear matter, Equations of state of neutron-star matter},
     year = 2010,
    month = nov,
   volume = 82,
   number = 10,
      eid = {101301},
    pages = {101301},
      doi = {10.1103/PhysRevD.82.101301},
   adsurl = {http://adsabs.harvard.edu/abs/2010PhRvD..82j1301O},
  adsnote = {Provided by the SAO/NASA Astrophysics Data System}
}


@ARTICLE{SciDac2005,
   author = {{Zingale}, M. and {Woosley}, S.~E. and {Bell}, J.~B. and {Day}, M.~S. and
{Rendleman}, C.~A.},
    title = "{The physics of flames in Type Ia supernovae}",
  journal = {Journal of Physics Conference Series},
   eprint = {astro-ph/0507040},
     year = 2005,
    month = jan,
   volume = 16,
    pages = {405-409},
      doi = {10.1088/1742-6596/16/1/056},
   adsurl = {http://adsabs.harvard.edu/abs/2005JPhCS..16..405Z},
  adsnote = {Provided by the SAO/NASA Astrophysics Data System}
}

@ARTICLE{NK:1997,
   author = {{Niemeyer}, J.~C. and {Kerstein}, A.~R.},
    title = "{Burning regimes of nuclear flames in SN IA explosions}",
  journal = {\na},
     year = 1997,
    month = aug,
   volume = 2,
    pages = {239-244},
      doi = {10.1016/S1384-1076(97)00017-1},
   adsurl = {http://adsabs.harvard.edu/abs/1997NewA....2..239N},
  adsnote = {Provided by the SAO/NASA Astrophysics Data System}
}

@ARTICLE{ms_cc,
   author = {{Gilet}, C. and {Almgren}, A.~S. and {Bell}, J.~B. and {Nonaka}, A. and
	{Woosley}, S.~E. and {Zingale}, M.},
    title = "{Low Mach Number Modeling of Core Convection in Massive Stars}",
  journal = APJ,
 keywords = {convection, hydrodynamics, methods: numerical, stars: interiors, turbulence },
     year = 2013,
    month = aug,
   volume = 773,
      eid = {137},
    pages = {137},
      doi = {10.1088/0004-637X/773/2/137},
   adsurl = {http://adsabs.harvard.edu/abs/2013ApJ...773..137G},
  adsnote = {Provided by the SAO/NASA Astrophysics Data System}
}

@ARTICLE{Fleck96,
   author = {{Fleck}, Jr., R.~C.},
    title = "{Scaling Relations for the Turbulent, Non--Self-gravitating, Neutral Component of the Interstellar Medium}",
  journal = {\apj},
 keywords = {HYDRODYNAMICS, ISM: CLOUDS, MAGNETOHYDRODYNAMICS: MHD, TURBULENCE},
     year = 1996,
    month = feb,
   volume = 458,
    pages = {739-+},
      doi = {10.1086/176853},
   adsurl = {http://adsabs.harvard.edu/abs/1996ApJ...458..739F},
  adsnote = {Provided by the SAO/NASA Astrophysics Data System}
}

@ARTICLE{Fleck83,
   author = {{Fleck}, Jr., R.~C.},
    title = "{A note on compressibility and energy cascade in turbulent molecular clouds}",
  journal = {\apjl},
 keywords = {COMPRESSIBILITY EFFECTS, INTERSTELLAR MATTER, MAGNETOHYDRODYNAMIC TURBULENCE, MOLECULAR CLOUDS, ENERGY TRANSFER, KOLMOGOROFF THEORY, SCALING LAWS, VELOCITY DISTRIBUTION},
     year = 1983,
    month = sep,
   volume = 272,
    pages = {L45-L48},
      doi = {10.1086/184114},
   adsurl = {http://adsabs.harvard.edu/abs/1983ApJ...272L..45F},
  adsnote = {Provided by the SAO/NASA Astrophysics Data System}
}

@ARTICLE{kercek,
   author = {{Kercek}, A. and {Hillebrandt}, W. and {Truran}, J.~W.},
    title = "{Two-dimensional simulations of the thermonuclear runaway in an accreted atmosphere of a C+O White Dwarf}",
  journal = {\aap},
   eprint = {astro-ph/9801054},
 keywords = {STARS: NOVAE, CATACLYSMIC VARIABLES, STARS: WHITE DWARFS, CONVECTION, HYDRODYNAMICS, NUCLEAR REACTIONS, NUCLEOSYNTHESIS, ABUNDANCES},
     year = 1998,
    month = sep,
   volume = 337,
    pages = {379-392},
   adsurl = {http://adsabs.harvard.edu/abs/1998A%26A...337..379K},
  adsnote = {Provided by the SAO/NASA Astrophysics Data System}
}

@ARTICLE{kercek2,
   author = {{Kercek}, A. and {Hillebrandt}, W. and {Truran}, J.~W.},
    title = "{Three-dimensional simulations of classical novae}",
  journal = {\aap},
   eprint = {astro-ph/9811259},
 keywords = {STARS: NOVAE, CATACLYSMIC VARIABLES, STARS: WHITE DWARFS, CONVECTION, HYDRODYNAMICS, NUCLEAR REACTIONS, NUCLEOSYNTHESIS, ABUNDANCES},
     year = 1999,
    month = may,
   volume = 345,
    pages = {831-840},
   adsurl = {http://adsabs.harvard.edu/abs/1999A%26A...345..831K},
  adsnote = {Provided by the SAO/NASA Astrophysics Data System}
}

@ARTICLE{Kraichnan67,
   author = {{Kraichnan}, R.~H.},
    title = "{Inertial Ranges in Two-Dimensional Turbulence}",
  journal = {Phys.~Fluids},
     year = 1967,
    month = july,
   volume = 10,
    pages = {1417--1423}
}

@ARTICLE{Leith68,
   author = {{Leith}, C.~E.},
    title = "{Diffusion Approximation for Two-Dimensional Turbulence}",
  journal = {Phys.~Fluids},
     year = 1968,
    month = mar,
   volume = 11,
    pages = {671--673}
}

@ARTICLE{Batchelor69,
   author = {{Batchelor}, G.~K.},
    title = "{Computation of the Energy Spectrum in Homogeneous Two-Dimensional Turbulence}",
  journal = {Phys.~Fluids},
     year = 1969,
    month = dec,
   volume = 12,
    pages = {II-233--II-239}
}

@ARTICLE{GT06,
   author = {{Gkioulekas}, E. and {Tung}, K.},
    title = "{Recent Developments in Understanding Two-dimensional Turbulence and the Nastrom-Gage Spectrum}",
  journal = {Journal of Low Temperature Physics},
     year = 2006,
   volume = 145,
    pages = {25--57}
}

@ARTICLE{ouellette:2012,
   author = {{Ouellette}, N.~T.},
    title = "{Turbulence in two dimensions}",
  journal = {Physics Today},
     year = 2012,
   volume = 65,
   number = 5,
    pages = {68},
      doi = {10.1063/PT.3.1570},
   adsurl = {http://adsabs.harvard.edu/abs/2012PhT....65e..68O},
  adsnote = {Provided by the SAO/NASA Astrophysics Data System}
}

@ARTICLE{ppm,
   author = {{Colella}, P. and {Woodward}, P.~R.},
    title = "{The Piecewise Parabolic Method (PPM) for Gas-Dynamical Simulations}",
  journal = {Journal of Computational Physics},
     year = 1984,
    month = sep,
   volume = 54,
    pages = {174-201},
      doi = {10.1016/0021-9991(84)90143-8},
   adsurl = {http://adsabs.harvard.edu/abs/1984JCoPh..54..174C},
  adsnote = {Provided by the SAO/NASA Astrophysics Data System}
}

@ARTICLE{ppmunsplit,
   author = {{Colella}, P.},
    title = "{Multidimensional upwind methods for hyperbolic conservation laws}",
  journal = {Journal of Computational Physics},
 keywords = {ADVECTION, BOUNDARY VALUE PROBLEMS, COMPUTATIONAL GRIDS, CONSERVATION LAWS, FINITE DIFFERENCE THEORY, HYPERBOLIC FUNCTIONS, ALGORITHMS, CAUCHY PROBLEM, PREDICTOR-CORRECTOR METHODS},
     year = 1990,
    month = mar,
   volume = 87,
    pages = {171-200},
      doi = {10.1016/0021-9991(90)90233-Q},
   adsurl = {http://adsabs.harvard.edu/abs/1990JCoPh..87..171C},
  adsnote = {Provided by the SAO/NASA Astrophysics Data System}
}

@ARTICLE{saltzman1994,
   author = {{Saltzman}, J.},
    title = "{An Unsplit 3D Upwind Method for Hyperbolic Conservation Laws}",
  journal = {Journal of Computational Physics},
     year = 1994,
    month = nov,
   volume = 115,
    pages = {153-168},
      doi = {10.1006/jcph.1994.1184},
   adsurl = {http://adsabs.harvard.edu/abs/1994JCoPh.115..153S},
  adsnote = {Provided by the SAO/NASA Astrophysics Data System}
}

@ARTICLE{arnett:2015,
   author = {{Arnett}, W.~D. and {Meakin}, C. and {Viallet}, M. and {Campbell}, S.~W. and
{Lattanzio}, J. and {Mo{\'c}ak}, M.},
    title = "{Beyond Mixing-length Theory: a step toward 321D}",
    journal = {ArXiv e-prints},
    archivePrefix = "arXiv",
    eprint = {1503.00342},
    primaryClass = "astro-ph.SR",
    keywords = {Astrophysics - Solar and Stellar Astrophysics},
    year = 2015,
    month = mar,
    adsurl = {http://adsabs.harvard.edu/abs/2015arXiv150300342A},
    adsnote = {Provided by the SAO/NASA Astrophysics Data System}
}


@ARTICLE{strang:1968,
  author = {{Strang}, G.},
  title = "{On the construction and comparison of difference schemes}",
  year = 1968,
  journal = "{SIAM J. Numerical Analysis}",
  volume = 5,
  pages = {506-517}
}


@ARTICLE{muller:1986,
   author = {{M{\"u}ller}, E.},
    title = "{Nuclear-reaction networks and stellar evolution codes - The coupling of composition changes and energy release in explosive nuclear burning}",
  journal = AAP,
 keywords = {Abundance, Nuclear Astrophysics, Nuclear Fusion, Stellar Evolution, Stellar Physics, Energy Transfer, Entropy, Explosions, Newton-Raphson Method, Stellar Composition, Stellar Cores},
     year = 1986,
    month = jul,
   volume = 162,
    pages = {103-108},
   adsurl = {http://adsabs.harvard.edu/abs/1986A%26A...162..103M},
  adsnote = {Provided by the SAO/NASA Astrophysics Data System}
}

@ARTICLE{subchandra2,
   author = {{Jacobs}, A.~M. and {Zingale}, M. and {Nonaka}, A. and {Almgren}, A.~S. and
	{Bell}, J.~B.},
    title = "{Low Mach Number Modeling of Convection in Helium Shells on Sub-Chandrasekhar White Dwarfs. II. Bulk Properties of Simple Models}",
  journal = APJ,
archivePrefix = "arXiv",
   eprint = {1507.06696},
 primaryClass = "astro-ph.HE",
 keywords = {convection, hydrodynamics, methods: numerical, nuclear reactions, nucleosynthesis, abundances, supernovae: general, white dwarfs},
     year = 2016,
    month = aug,
   volume = 827,
      eid = {84},
    pages = {84},
      doi = {10.3847/0004-637X/827/1/84},
   adsurl = {http://adsabs.harvard.edu/abs/2016ApJ...827...84J},
  adsnote = {Provided by the SAO/NASA Astrophysics Data System}
}

@ARTICLE{xrb3,
   author = {{Zingale}, M. and {Malone}, C.~M. and {Nonaka}, A. and {Almgren}, A.~S. and
	{Bell}, J.~B.},
    title = "{Comparisons of Two- and Three-Dimensional Convection in Type I X-Ray Bursts}",
  journal = APJ,
archivePrefix = "arXiv",
   eprint = {1410.5796},
 primaryClass = "astro-ph.HE",
 keywords = {convection, hydrodynamics, methods: numerical, stars: neutron, X-rays: bursts},
     year = 2015,
    month = jul,
   volume = 807,
      eid = {60},
    pages = {60},
      doi = {10.1088/0004-637X/807/1/60},
   adsurl = {http://adsabs.harvard.edu/abs/2015ApJ...807...60Z},
  adsnote = {Provided by the SAO/NASA Astrophysics Data System}
}

@article{tiling,
  title={Boxlib with tiling: An adaptive mesh refinement software framework},
  author={Zhang, Weiqun and Almgren, Ann and Day, Marcus and Nguyen, Tan and Shalf, John and Unat, Didem},
  journal={SIAM Journal on Scientific Computing},
  volume={38},
  number={5},
  pages={S156--S172},
  year={2016},
  publisher={SIAM}
}

@article{wdmergerI,
  title={White dwarf mergers on adaptive meshes. i. methodology and code verification},
  author={Katz, Max P and Zingale, Michael and Calder, Alan C and Swesty, F Douglas and Almgren, Ann S and Zhang, Weiqun},
  journal={The Astrophysical Journal},
  volume={819},
  number={2},
  pages={94},
  year={2016},
  publisher={IOP Publishing}
}

@ARTICLE{scidac-petascale,
   author = {{Almgren}, A. and {Bell}, J. and {Kasen}, D. and {Lijewski}, M. and
	{Nonaka}, A. and {Nugent}, P. and {Rendleman}, C. and {Thomas}, R. and
	{Zingale}, M.},
    title = "{MAESTRO, CASTRO, and SEDONA -- Petascale Codes for Astrophysical Applications}",
  journal = {Proceedings of SciDAC 2010},
archivePrefix = "arXiv",
   eprint = {1008.2801},
 primaryClass = "astro-ph.IM",
 keywords = {Astrophysics - Instrumentation and Methods for Astrophysics},
     year = 2010,
    month = aug,
   adsurl = {http://adsabs.harvard.edu/abs/2010arXiv1008.2801A},
  adsnote = {Provided by the SAO/NASA Astrophysics Data System}
}


@ARTICLE{malone:2014,
   author = {{Malone}, C.~M. and {Nonaka}, A. and {Woosley}, S.~E. and {Almgren}, A.~S. and
	{Bell}, J.~B. and {Dong}, S. and {Zingale}, M.},
    title = "{The Deflagration Stage of Chandrasekhar Mass Models for Type Ia Supernovae. I. Early Evolution}",
  journal = APJ,
archivePrefix = "arXiv",
   eprint = {1309.4042},
 primaryClass = "astro-ph.SR",
 keywords = {convection, hydrodynamics, methods: numerical, nuclear reactions, nucleosynthesis, abundances, supernovae: general, white dwarfs},
     year = 2014,
    month = feb,
   volume = 782,
      eid = {11},
    pages = {11},
      doi = {10.1088/0004-637X/782/1/11},
   adsurl = {http://adsabs.harvard.edu/abs/2014ApJ...782...11M},
  adsnote = {Provided by the SAO/NASA Astrophysics Data System}
}

@ARTICLE{nyx,
   author = {{Almgren}, A.~S. and {Bell}, J.~B. and {Lijewski}, M.~J. and
	{Luki{\'c}}, Z. and {Van Andel}, E.},
    title = "{Nyx: A Massively Parallel AMR Code for Computational Cosmology}",
  journal = APJ,
archivePrefix = "arXiv",
   eprint = {1301.4498},
 primaryClass = "astro-ph.IM",
 keywords = {gravitation, hydrodynamics, methods: numerical },
     year = 2013,
    month = mar,
   volume = 765,
      eid = {39},
    pages = {39},
      doi = {10.1088/0004-637X/765/1/39},
   adsurl = {http://adsabs.harvard.edu/abs/2013ApJ...765...39A},
  adsnote = {Provided by the SAO/NASA Astrophysics Data System}
}

@ARTICLE{hillebrandtniemeyer2000,
  author =       {Wolfgang Hillebrandt and Jens C. Niemeyer},
  journal =      {Annu. Rev. Astron. Astrophys},
  title =        {{T}ype~{I}a supernova explosion models},
  year =         {2000},
  pages = {191--230},
  volume = {38}
}

@ARTICLE{woosley-xrb,
   author = {{Woosley}, S.~E. and {Heger}, A. and {Cumming}, A. and {Hoffman}, R.~D. and
             {Pruet}, J. and {Rauscher}, T. and {Fisker}, J.~L. and {Schatz}, H. and
             {Brown}, B.~A. and {Wiescher}, M.},
    title = "{Models for Type I X-Ray Bursts with Improved Nuclear Physics}",
  journal = APJ:sup,
 keywords = {Nuclear Reactions, Nucleosynthesis, Abundances, Stars: Neutron, X-Rays: Bursts},
     year = 2004,
   volume = 151,
    pages = {75-102},
      doi = {10.1086/381533},
   adsurl = {http://adsabs.harvard.edu/abs/2004ApJS..151...75W},
  adsnote = {Provided by the SAO/NASA Astrophysics Data System}
}

@article{castro-ccsne,
  title={Two-dimensional core-collapse supernova models with multi-dimensional transport},
  author={Dolence, Joshua C and Burrows, Adam and Zhang, Weiqun},
  journal={The Astrophysical Journal},
  volume={800},
  number={1},
  pages={10},
  year={2015},
  publisher={IOP Publishing}
}

@article{castro-pairinstability,
  title={Pair instability supernovae of very massive population III stars},
  author={Chen, Ke-Jung and Heger, Alexander and Woosley, Stan and Almgren, Ann and Whalen, Daniel J},
  journal={The Astrophysical Journal},
  volume={792},
  number={1},
  pages={44},
  year={2014},
  publisher={IOP Publishing}
}


@article{araa-maoz,
author = {Dan Maoz and Filippo Mannucci and Gijs Nelemans},
title = {Observational Clues to the Progenitors of Type Ia Supernovae},
journal = {Annual Review of Astronomy and Astrophysics},
volume = {52},
number = {1},
pages = {107-170},
year = {2014},
doi = {10.1146/annurev-astro-082812-141031},
URL = {https://doi.org/10.1146/annurev-astro-082812-141031},
eprint = {https://doi.org/10.1146/annurev-astro-082812-141031}
}


@article{miniati-colella,
        author = {Miniati, F. and Colella, P.},
        title = {Block structured adaptive mesh and time refinement for
                hybrid, hyperbolic + N-body systems},
        journal = {Journal of Computational Physics},
        volume =  227,
        year = 2007,
        pages ={400-430},
}

@ARTICLE{lovegrove:2017,
   author = {{Lovegrove}, E. and {Woosley}, S.~E. and {Zhang}, W.},
    title = "{Very Low-energy Supernovae: Light Curves and Spectra of Shock Breakout}",
  journal = APJ,
archivePrefix = "arXiv",
   eprint = {1706.02440},
 primaryClass = "astro-ph.HE",
 keywords = {radiative transfer, stars: massive, supernovae: general},
     year = 2017,
    month = aug,
   volume = 845,
      eid = {103},
    pages = {103},
      doi = {10.3847/1538-4357/aa7b7d},
   adsurl = {http://adsabs.harvard.edu/abs/2017ApJ...845..103L},
  adsnote = {Provided by the SAO/NASA Astrophysics Data System}
}


@ARTICLE{ma:2013,
   author = {{Ma}, H. and {Woosley}, S.~E. and {Malone}, C.~M. and {Almgren}, A. and
	{Bell}, J.},
    title = "{Carbon Deflagration in Type Ia Supernova. I. Centrally Ignited Models}",
  journal = APJ,
archivePrefix = "arXiv",
   eprint = {1305.2433},
 primaryClass = "astro-ph.HE",
 keywords = {hydrodynamics, instabilities, nuclear reactions, nucleosynthesis, abundances, supernovae: general, turbulence, white dwarfs},
     year = 2013,
    month = jul,
   volume = 771,
      eid = {58},
    pages = {58},
      doi = {10.1088/0004-637X/771/1/58},
   adsurl = {http://adsabs.harvard.edu/abs/2013ApJ...771...58M},
  adsnote = {Provided by the SAO/NASA Astrophysics Data System}
}

@ARTICLE{moll:2014,
   author = {{Moll}, R. and {Raskin}, C. and {Kasen}, D. and {Woosley}, S.~E.
	},
    title = "{Type Ia Supernovae from Merging White Dwarfs. I. Prompt Detonations}",
  journal = APJ,
archivePrefix = "arXiv",
   eprint = {1311.5008},
 primaryClass = "astro-ph.HE",
 keywords = {hydrodynamics, nuclear reactions, nucleosynthesis, abundances, shock waves, supernovae: general, white dwarfs},
     year = 2014,
    month = apr,
   volume = 785,
      eid = {105},
    pages = {105},
      doi = {10.1088/0004-637X/785/2/105},
   adsurl = {http://adsabs.harvard.edu/abs/2014ApJ...785..105M},
  adsnote = {Provided by the SAO/NASA Astrophysics Data System}
}


@ARTICLE{moll:2013,
   author = {{Moll}, R. and {Woosley}, S.~E.},
    title = "{Multi-dimensional Models for Double Detonation in Sub-Chandrasekhar Mass White Dwarfs}",
  journal = APJ,
archivePrefix = "arXiv",
   eprint = {1303.0324},
 primaryClass = "astro-ph.HE",
 keywords = {hydrodynamics, nuclear reactions, nucleosynthesis, abundances, shock waves, supernovae: general, white dwarfs },
     year = 2013,
    month = sep,
   volume = 774,
      eid = {137},
    pages = {137},
      doi = {10.1088/0004-637X/774/2/137},
   adsurl = {http://adsabs.harvard.edu/abs/2013ApJ...774..137M},
  adsnote = {Provided by the SAO/NASA Astrophysics Data System}
}

@inproceedings{astronum:2017,
  title={Meeting the challenges of modeling astrophysical thermonuclear explosions: Castro, maestro, and the AMReX astrophysics suite},
  author={Zingale, M and Almgren, AS and Sazo, MG Barrios and Beckner, VE and Bell, JB and Friesen, B and Jacobs, AM and Katz, MP and Malone, CM and Nonaka, AJ and others},
  booktitle={Journal of Physics: Conference Series},
  volume={1031},
  number={1},
  pages={012024},
  year={2018},
  organization={IOP Publishing}
}

@ARTICLE{kajava:2017,
   author = {{Kajava}, J.~J.~E. and {N{\"a}ttil{\"a}}, J. and {Poutanen}, J. and
	{Cumming}, A. and {Suleimanov}, V. and {Kuulkers}, E.},
    title = "{Detection of burning ashes from thermonuclear X-ray bursts}",
  journal = {\mnras},
archivePrefix = "arXiv",
   eprint = {1608.06801},
 primaryClass = "astro-ph.HE",
 keywords = {accretion, accretion discs, X-rays: bursts},
     year = 2017,
    month = jan,
   volume = 464,
    pages = {L6-L10},
      doi = {10.1093/mnrasl/slw167},
   adsurl = {http://adsabs.harvard.edu/abs/2017MNRAS.464L...6K},
  adsnote = {Provided by the SAO/NASA Astrophysics Data System}
}


@ARTICLE{suleimanov:2011,
   author = {{Suleimanov}, V. and {Poutanen}, J. and {Werner}, K.},
    title = "{X-ray bursting neutron star atmosphere models: spectra and color corrections}",
  journal = {\aap},
archivePrefix = "arXiv",
   eprint = {1009.6147},
 primaryClass = "astro-ph.HE",
 keywords = {radiative transfer, scattering, methods: numerical, stars: neutron, stars: atmospheres, X-rays: stars},
     year = 2011,
    month = mar,
   volume = 527,
      eid = {A139},
    pages = {A139},
      doi = {10.1051/0004-6361/201015845},
   adsurl = {http://adsabs.harvard.edu/abs/2011A%26A...527A.139S},
  adsnote = {Provided by the SAO/NASA Astrophysics Data System}
}

@ARTICLE{galloway:2017,
   author = {{Galloway}, D.~K. and {Keek}, L.},
    title = "{Thermonuclear X-ray bursts}",
  journal = {ArXiv e-prints},
archivePrefix = "arXiv",
   eprint = {1712.06227},
 primaryClass = "astro-ph.HE",
 keywords = {Astrophysics - High Energy Astrophysical Phenomena},
     year = 2017,
    month = dec,
   adsurl = {http://adsabs.harvard.edu/abs/2017arXiv171206227G},
  adsnote = {Provided by the SAO/NASA Astrophysics Data System}
}

@ARTICLE{fisker:2008,
   author = {{Fisker}, J.~L. and {Schatz}, H. and {Thielemann}, F.-K.},
    title = "{Explosive Hydrogen Burning during Type I X-Ray Bursts}",
  journal = {\apjs},
 keywords = {nuclear reactions, nucleosynthesis, abundances, stars: neutron, X-rays: bursts},
     year = 2008,
    month = jan,
   volume = 174,
    pages = {261-276},
      doi = {10.1086/521104},
   adsurl = {http://adsabs.harvard.edu/abs/2008ApJS..174..261F},
  adsnote = {Provided by the SAO/NASA Astrophysics Data System}
}


@ARTICLE{bhattacharyya:2007,
   author = {{Bhattacharyya}, S. and {Strohmayer}, T.~E.},
    title = "{Thermonuclear Flame Spreading on Rapidly Spinning Neutron Stars: Indications of the Coriolis Force?}",
  journal = APJL,
 keywords = {Stars: Neutron, Stars: Rotation, X-Rays: Binaries, X-Rays: Bursts, X-rays: individual (4U 1636-536), X-rays: individual (SAX J1808.4-3658)},
     year = 2007,
   volume = 666,
    pages = {L85-L88},
      doi = {10.1086/521790},
   adsurl = {http://adsabs.harvard.edu/abs/2007ApJ...666L..85B},
  adsnote = {Provided by the SAO/NASA Astrophysics Data System}
}

@ARTICLE{bhattacharyya:2006,
   author = {{Bhattacharyya}, S. and {Strohmayer}, T.~E.},
    title = "{A Non-PRE Double-peaked Burst from 4U 1636-536: Evidence of Burning Front Propagation}",
  journal = APJL,
   eprint = {arXiv:astro-ph/0509369},
 keywords = {Accretion, Accretion Disks, Relativity, Stars: Neutron, X-Rays: Binaries, X-Rays: Bursts, X-rays: individual (4U 1636-536)},
     year = 2006,
   volume = 636,
    pages = {L121-L124},
      doi = {10.1086/500199},
   adsurl = {http://adsabs.harvard.edu/abs/2006ApJ...636L.121B},
  adsnote = {Provided by the SAO/NASA Astrophysics Data System}
}

@ARTICLE{harpole:2018,
   author = {{Harpole}, A. and {Hawke}, I.},
    title = "{Effects of tangential velocity in the reactive relativistic Riemann problem}",
  journal = {ArXiv e-prints},
archivePrefix = "arXiv",
   eprint = {1806.07301},
 primaryClass = "astro-ph.HE",
 keywords = {Astrophysics - High Energy Astrophysical Phenomena, Physics - Fluid Dynamics},
     year = 2018,
    month = jun,
   adsurl = {http://adsabs.harvard.edu/abs/2018arXiv180607301H},
  adsnote = {Provided by the SAO/NASA Astrophysics Data System}
}


@INPROCEEDINGS{schatz_rp,
   author = {{Schatz}, H.},
    title = "{The rp-process {\amp} X-ray bursts}",
booktitle = {International Symposium on Nuclear Astrophysics - Nuclei in the Cosmos},
     year = 2006,
      eid = {2.1},
    pages = {2.1},
   adsurl = {http://adsabs.harvard.edu/abs/2006isna.confE...2S},
  adsnote = {Provided by the SAO/NASA Astrophysics Data System}
}

@article{OROURKE1979,
title = "Two scaling transformations for the numerical computation of multidimensional unsteady laminar flames",
journal = "Journal of Computational Physics",
volume = "33",
number = "2",
pages = "185 - 203",
year = "1979",
issn = "0021-9991",
doi = "https://doi.org/10.1016/0021-9991(79)90015-9",
url = "http://www.sciencedirect.com/science/article/pii/0021999179900159",
author = "P.J O'Rourke and F.V Bracco"
}


@Article{intZand2018,
author="in 't Zand, Jean J. M. and others",
title="Observatory science with eXTP",
journal="Science China Physics, Mechanics {\&} Astronomy",
year="2018",
month="Aug",
day="30",
volume="62",
number="2",
pages="29506",
abstract="In this White Paper we present the potential of the enhanced X-ray Timing and Polarimetry (eXTP) mission for studies related to Observatory Science targets. These include flaring stars, supernova remnants, accreting white dwarfs, low and high mass X-ray binaries, radio quiet and radio loud active galactic nuclei, tidal disruption events, and gamma-ray bursts. eXTP will be excellently suited to study one common aspect of these objects: their often transient nature. Developed by an international Consortium led by the Institute of High Energy Physics of the Chinese Academy of Science, the eXTP mission is expected to be launched in the mid 2020s.",
issn="1869-1927",
doi="10.1007/s11433-017-9186-1",
url="https://doi.org/10.1007/s11433-017-9186-1"
}


@ARTICLE{kappeli:2016,
   author = {{K{\"a}ppeli}, R. and {Mishra}, S.},
    title = "{A well-balanced finite volume scheme for the Euler equations with gravitation. The exact preservation of hydrostatic equilibrium with arbitrary entropy stratification}",
  journal = {\aap},
 keywords = {hydrodynamics, methods: numerical, convection, stars: interiors, stars: neutron},
     year = 2016,
    month = mar,
   volume = 587,
      eid = {A94},
    pages = {A94},
      doi = {10.1051/0004-6361/201527815},
   adsurl = {http://adsabs.harvard.edu/abs/2016A%26A...587A..94K},
  adsnote = {Provided by the SAO/NASA Astrophysics Data System}
}

@article{Wang2012190,
title = "High order finite difference methods with subcell resolution for advection equations with stiff source terms",
journal = "Journal of Computational Physics",
volume = "231",
number = "1",
pages = "190 - 214",
year = "2012",
note = "",
issn = "0021-9991",
doi = "http://dx.doi.org/10.1016/j.jcp.2011.08.031",
url = "http://www.sciencedirect.com/science/article/pii/S0021999111005250",
author = "Wei Wang and Chi-Wang Shu and H.C. Yee and Bj??rn Sj??green",
keywords = "Stiff reaction term",
keywords = "Shock capturing",
keywords = "Detonation",
keywords = "\{WENO\}",
keywords = "\{ENO\} subcell resolution ",
}

@book{weinan2011principles,
  title={Principles of multiscale modeling},
  author={Weinan, E},
  year={2011},
  publisher={Cambridge University Press}
}


@article{SDC-old,
author = { A.   Nonaka  and  J. B.   Bell  and  M. S.   Day  and  C.   Gilet  and  A. S.   Almgren  and  M. L.   Minion },
title = {A deferred correction coupling strategy for low Mach number flow with complex chemistry},
journal = {Combustion Theory and Modelling},
volume = {16},
number = {6},
pages = {1053-1088},
year  = {2012},
publisher = {Taylor & Francis},
doi = {10.1080/13647830.2012.701019},
URL = {https://doi.org/10.1080/13647830.2012.701019},
eprint = {https://doi.org/10.1080/13647830.2012.701019}
}

@article{Motheau2018,
author = {Motheau, Emmanuel and Duarte, Max and Almgren, Ann and Bell, John B.},
doi = {10.1016/j.jcp.2018.01.036},
issn = {00219991},
journal = {Journal of Computational Physics},
month = {nov},
pages = {1027--1047},
title = {{A hybrid adaptive low-Mach number/compressible method: Euler equations}},
url = {https://linkinghub.elsevier.com/retrieve/pii/S0021999118300469},
volume = {372},
year = {2018}
}

@phdthesis{Harpole2018,
author = {Harpole, Alice},
number = {June},
school = {University of Southampton},
title = {{Multiscale modelling of neutron star oceans}},
url = {https://eprints.soton.ac.uk/id/eprint/422175},
year = {2018}
}

@ARTICLE{Emmett:2018,
   author = {{Emmett}, M. and {Motheau}, E. and {Zhang}, W. and {Minion}, M. and
	{Bell}, J.~B.},
    title = "{A Fourth-Order Adaptive Mesh Refinement Algorithm for the Multicomponent, Reacting Compressible Navier-Stokes Equations}",
  journal = {ArXiv e-prints},
archivePrefix = "arXiv",
   eprint = {1806.10718},
 primaryClass = "physics.flu-dyn",
 keywords = {Physics - Fluid Dynamics, Physics - Computational Physics},
     year = 2018,
    month = jun,
   adsurl = {http://adsabs.harvard.edu/abs/2018arXiv180610718E},
  adsnote = {Provided by the SAO/NASA Astrophysics Data System}
}

@ARTICLE{castro:sdc,
       author = {{Zingale}, M. and {Katz}, M.~P. and {Bell}, J.~B. and {Minion}, M.~L. and
         {Nonaka}, A.~J. and {Zhang}, W.},
        title = "{Improved Coupling of Hydrodynamics and Nuclear Reactions via Spectral Deferred Corrections}",
      journal = {\apj},
     keywords = {Hydrodynamics, Astrophysical fluid dynamics, Computational methods, Computational astronomy, Astronomy software, Nu\
clear astrophysics, Nucleosynthesis, Stellar nucleosynthesis, Physics - Computational Physics, Astrophysics - Instrumentation and Me\
thods for Astrophysics},
         year = "2019",
        month = "Dec",
       volume = {886},
       number = {2},
          eid = {105},
        pages = {105},
          doi = {10.3847/1538-4357/ab4e1d},
archivePrefix = {arXiv},
       eprint = {1908.03661},
 primaryClass = {physics.comp-ph},
       adsurl = {https://ui.adsabs.harvard.edu/abs/2019ApJ...886..105Z},
      adsnote = {Provided by the SAO/NASA Astrophysics Data System},
      subject = {algorithms: compressible hydro}
}


@inproceedings{astronum:2018,
  title={Toward Resolved Simulations of Burning Fronts in Thermonuclear X-ray Bursts},
  author={Zingale, M and Eiden, K and Cavecchi, Y and Harpole, A and Bell, JB and Chang, M and Hawke, I and Katz, MP and Malone, CM and Nonaka, AJ and others},
  booktitle={Journal of Physics: Conference Series},
  volume={1225},
  number={1},
  pages={012005},
  year={2019},
  organization={IOP Publishing}
}

@article{minion:2003,
  title={Semi-implicit spectral deferred correction methods for ordinary differential equations},
  author={Minion, Michael L and others},
  journal={Communications in Mathematical Sciences},
  volume={1},
  number={3},
  pages={471--500},
  year={2003},
  publisher={International Press of Boston}
}

@article{dutt:2000,
  title={Spectral deferred correction methods for ordinary differential equations},
  author={Dutt, Alok and Greengard, Leslie and Rokhlin, Vladimir},
  journal={BIT Numerical Mathematics},
  volume={40},
  number={2},
  pages={241--266},
  year={2000},
  publisher={Springer}
}

@article{amrex_joss,
  title={AMReX: a framework for block-structured adaptive mesh refinement},
  author={Zhang, W and others},
  journal={Journal of Open Source Software},
  volume={4},
  number={37},
  pages={1370},
  year={2019}
}

@article{mccorquodalecolella,
  title={A high-order finite-volume method for conservation laws on locally refined grids},
  author={McCorquodale, Peter and Colella, Phillip},
  journal={Communications in Applied Mathematics and Computational Science},
  volume={6},
  number={1},
  pages={1--25},
  year={2011},
  publisher={Mathematical Sciences Publishers}
}


@ARTICLE{millercolella:2002,
   author = {{Miller}, G.~H. and {Colella}, P.},
    title = "{A Conservative Three-Dimensional Eulerian Method for Coupled Solid-Fluid Shock Capturing}",
  journal = {Journal of Computational Physics},
     year = 2002,
    month = nov,
   volume = 183,
    pages = {26-82},
      doi = {10.1006/jcph.2002.7158},
   adsurl = {http://adsabs.harvard.edu/abs/2002JCoPh.183...26M},
  adsnote = {Provided by the SAO/NASA Astrophysics Data System}
}

@article{polin:2019,
  title={Observational Predictions for Sub-Chandrasekhar Mass Explosions: Further Evidence for Multiple Progenitor Systems for Type Ia Supernovae},
  author={Polin, Abigail and Nugent, Peter and Kasen, Daniel},
  journal={The Astrophysical Journal},
  volume={873},
  number={1},
  pages={84},
  year={2019},
  publisher={IOP Publishing}
}

@article{maestroex,
  title={MAESTROeX: A Massively Parallel Low Mach Number Astrophysical Solver},
  author={Fan, Duoming and Nonaka, Andrew and Almgren, Ann S and Harpole, Alice and Zingale, Michael},
  journal={arXiv preprint arXiv:1908.03634},
  year={2019}
}

@ARTICLE{eiden:2019,
       author = {{Eiden}, Kiran and {Zingale}, Michael and {Harpole}, Alice and
         {Willcox}, Donald and {Cavecchi}, Yuri and {Katz}, Max P.},
        title = "{Dynamics of Laterally Propagating Flames in X-ray Bursts. I. Burning Front Structure}",
      journal = {arXiv e-prints},
     keywords = {Astrophysics - High Energy Astrophysical Phenomena},
         year = "2019",
        month = "Dec",
          eid = {arXiv:1912.04956},
        pages = {arXiv:1912.04956},
archivePrefix = {arXiv},
       eprint = {1912.04956},
 primaryClass = {astro-ph.HE},
       adsurl = {https://ui.adsabs.harvard.edu/abs/2019arXiv191204956E},
      adsnote = {Provided by the SAO/NASA Astrophysics Data System},
      subject = {X-ray bursts}
}
