@String{ JCP     = "Journal of Computational Physics"}
@String{ JAS     = "Journal of Atmospheric Sciences"}
@String{ APJ     = "Astrophysical Journal"}
@String{ APJ:sup = "Astrophysical Journal Supplement"}
@String{ AAP     = "Astronomy and Astrophysics"}
@String{ SJSSC   = "SIAM J. Sci. Statist. Comput."}
@String{ CAMCOS  = "Communications in Applied Mathematics and Computational Science"}

@ARTICLE{Ogata_etal09,
   author = {{Ogata}, K. and {Kan}, M. and {Kamimura}, M.},
    title = "{Quantum Three-Body Calculation of the Nonresonant Triple-{$\alpha$} Reaction Rate at Low Temperatures}",
  journal = {Progress of Theoretical Physics},
archivePrefix = "arXiv",
   eprint = {0905.0007},
 primaryClass = "astro-ph.SR",
     year = 2009,
    month = oct,
   volume = 122,
    pages = {1055-1064},
   adsurl = {http://adsabs.harvard.edu/abs/2009PThPh.122.1055O},
  adsnote = {Provided by the SAO/NASA Astrophysics Data System}
}

@ARTICLE{HEGER_ETAL07B,
   author = {{Heger}, A. and {Cumming}, A. and {Woosley}, S.~E.},
    title = "{Millihertz Quasi-periodic Oscillations from Marginally Stable Nuclear Burning on an Accreting Neutron Star}",
  journal = {\apj},
 keywords = {Accretion, Accretion Disks, Stars: Neutron, X-Rays: Bursts},
     year = 2007,
    month = aug,
   volume = 665,
    pages = {1311-1320},
      doi = {10.1086/517491},
   adsurl = {http://adsabs.harvard.edu/abs/2007ApJ...665.1311H},
  adsnote = {Provided by the SAO/NASA Astrophysics Data System}
}


@ARTICLE{OguPhi62,
        author={Y. Ogura and N. A. Phillips},
        title={Scale Analysis of Deep and Shallow Convection in
                the Atmosphere},
        journal=jas,
        volume={19},
        pages={173-179},
        year={1962}
}

@Article{Durran_mono,
  author = {Dale Durran},
  title  = {Atmospheric processes over complex Terrain},
  journal = {Meteorol. Monographs},
  volume = 23,
  number = 45,
  year   = 1990,
  pages = {59 -- 81},
}

@ARTICLE{castro,
   author = {{Almgren}, A.~S. and {Beckner}, V.~E. and {Bell}, J.~B. and 
             {Day}, M.~S. and {Howell}, L.~H. and {Joggerst}, C.~C. and {Lijewski}, M.~J. and 
             {Nonaka}, A. and {Singer}, M. and {Zingale}, M.},
    title = "{CASTRO: A New Compressible Astrophysical Solver. I. Hydrodynamics and Self-gravity}",
  journal = APJ,
archivePrefix = "arXiv",
   eprint = {1005.0114},
 keywords = {equation of state, gravitation, hydrodynamics, methods:
                  numerical, nuclear reactions, nucleosynthesis,
                  abundances },
     year = 2010,
    month = jun,
   volume = 715,
    pages = {1221-1238},
      doi = {10.1088/0004-637X/715/2/1221},
   adsurl = {http://adsabs.harvard.edu/abs/2010ApJ...715.1221A},
  adsnote = {Provided by the SAO/NASA Astrophysics Data System}
}


@ARTICLE{castroII,
   author = {{Zhang}, W. and {Howell}, L. and {Almgren}, A. and {Burrows}, A. and 
	{Bell}, J.},
    title = "{CASTRO: A New Compressible Astrophysical Solver. II. Gray Radiation Hydrodynamics}",
  journal = APJ:sup,
archivePrefix = "arXiv",
   eprint = {1105.2466},
 primaryClass = "astro-ph.IM",
 keywords = {diffusion, hydrodynamics, methods: numerical, radiative transfer},
     year = 2011,
    month = oct,
   volume = 196,
      eid = {20},
    pages = {20},
      doi = {10.1088/0067-0049/196/2/20},
   adsurl = {http://adsabs.harvard.edu/abs/2011ApJS..196...20Z},
  adsnote = {Provided by the SAO/NASA Astrophysics Data System}
}

@ARTICLE{castroIII,
   author = {{Zhang}, W. and {Howell}, L. and {Almgren}, A. and {Burrows}, A. and 
	{Dolence}, J. and {Bell}, J.},
    title = "{CASTRO: A New Compressible Astrophysical Solver. III. Multigroup Radiation Hydrodynamics}",
  journal = APJ:sup,
archivePrefix = "arXiv",
   eprint = {1207.3845},
 primaryClass = "astro-ph.IM",
 keywords = {diffusion, hydrodynamics, methods: numerical, radiative transfer },
     year = 2013,
    month = jan,
   volume = 204,
      eid = {7},
    pages = {7},
      doi = {10.1088/0067-0049/204/1/7},
   adsurl = {http://adsabs.harvard.edu/abs/2013ApJS..204....7Z},
  adsnote = {Provided by the SAO/NASA Astrophysics Data System}
}


@ARTICLE{flash,
    author = {{Fryxell}, B. and {Olson}, K. and {Ricker}, P. and
              {Timmes}, F.~X. and {Zingale}, M. and {Lamb}, D.~Q. and
              {MacNeice}, P. and {Rosner}, R. and {Truran}, J.~W. and
              {Tufo}, H.},
    title = {{FLASH}: An Adaptive Mesh Hydrodynamics Code for Modeling Astrophysical Thermonuclear Flashes},
    journal = {\apjs},
    year = 2000,
    month = nov,
    volume = 131,
    pages = {273--334},
}


@BOOK{Bou03,
        author={J. Boussinesq},
        title={Theorie analytique de la chaleur},
        publisher={Gauthier-Villars, Paris},
        volume={2},
        year={1903}
}

@Article{caughlan-fowler:1988,
  author = {G. R. Caughlan and W. A. Fowler}, 
  title = {Thermonuclear Reaction Rates {V}},
  year = {1988},
  journal = {Atomic Data and Nuclear Data Tables},
  volume = {40}, 
  number = {2},
  pages = {283--334},
  note = {see also \url{http://www.phy.ornl.gov/astrophysics/data/cf88/index.html}}
}

@Article{Bell:2004,
  author  =      {J.~B. Bell and M.~S. Day and C.~A. Rendleman and
                  S.~E. Woosley and M.~A. Zingale},
  title   =      {Adaptive low {M}ach number simulations of nuclear flame microphysics},
  journal =      {Journal of Computational Physics},
  year    =      {2004},
  volume  =      {195},
  number  =      {2},
  pages   =      {677-694}
}

@ARTICLE{almgren:2000,
        AUTHOR = {A. Almgren},
        TITLE = {A New Look at the Pseudo-incompressible Solution to 
                 {L}amb's problem of Hydrostatic Adjustment},
        JOURNAL = JAS,
        VOLUME = {57},
        MONTH =	Apr,
        YEAR = {2000},
        PAGES = {995--998}
}

@Article{timmes_swesty:2000,
  author =       {Frank X. Timmes and F. Douglas Swesty},
  title =        {The accuracy, consistency, and speed of an electron-positron
                  equation of state based on table interpolation of the helmhol\tz
                  free energy},
  journal =      {\apjs},
  year =         {2000},
  volume =       {126},
  pages =        {501--516},
  note =         {Source code obtained from {\tt http://cococubed.asu.edu/codes/eos.shtml/helmholtz.tbz}}
}

@PHDTHESIS{Lin:2005,
    AUTHOR = {David J. Lin},
    TITLE = {Implementing the Low Mach Number Approximation for Multidimensional Hydrodynamical
Modeling of Type I X-Ray Bursts},
    SCHOOL = {Field of Physics and Astronomy, Northwestern University},
    YEAR = 2005,
    MONTH = {May}
}

@ARTICLE{ABRZ:I,
   author = {A. S. Almgren and J. B. Bell and C. A. Rendleman and M. Zingale},
    title = {Low Mach Number Modeling of Type Ia Supernovae. I. Hydrodynamics},
  journal = APJ,
     year = 2006,
   volume = 637,
    pages = {922-936},
    month = feb,
     note = {paper I}
}

@ARTICLE{ABRZ:II,
   author = {A. S. Almgren and J. B. Bell and C. A. Rendleman and M. Zingale},
    title = {Low Mach Number Modeling of Type Ia Supernovae. II. Energy Evolution},
  journal = APJ,
     year = 2006,
   volume = 649,
    pages = {927-938},
    month = oct,
     note = {paper II}
}

@ARTICLE{ABNZ:III,
   author = {A. S. Almgren and J. B. Bell and A. Nonaka and M. Zingale},
    title = {Low Mach Number Modeling of Type Ia Supernovae. III. Reactions},
  journal = APJ,
     year = {2008},
    month = {sep},
   volume = {684},
    pages = {449-470},
     note = {paper III}
}

@ARTICLE{ZABNW:IV,
   author = {M. Zingale and A. S. Almgren and J. B. Bell and A. Nonaka and S. E. Woosley},
    title = {Low Mach Number Modeling of {T}ype {Ia} Supernovae. {IV}. {W}hite Dwarf Convection},
  journal = APJ,
     year = 2009,
   volume = 704,
    pages = {196-210}
}

@ARTICLE{MAESTRO:Multilevel,
   author = {A. Nonaka and A. S. Almgren and J. B. Bell and M. J. Lijewski and C. M. Malone and M. Zingale},
    title = {{\tt MAESTRO}:An Adaptive Low Mach Number Hydrodynamics Algorithm for Stellar Flows},
  journal = APJ:sup,
     year = {2010},
   volume = {188},
    pages = {358-383},
     note = {paper V}
}

@ARTICLE{schwarzschildharm,
   author = {{Schwarzschild}, M. and {H{\"a}rm}, R.},
    title = "{Therma Instability in Non-Degenerate Stars.}",
  journal = {\apj},
     year = 1965,
    month = oct,
   volume = 142,
    pages = {855-+},
   adsurl = {http://adsabs.harvard.edu/cgi-bin/nph-bib_query?bibcode=1965ApJ...142..855S&db_key=AST},
  adsnote = {Provided by the Smithsonian/NASA Astrophysics Data System}
}

@ARTICLE{Lin:2006,
   author = {{Lin}, D.~J. and {Bayliss}, A. and {Taam}, R.~E.},
    title = "{Low Mach number modeling of Type I X-ray burst deflagrations}",
  journal = {\apj},
     year = 2006,
   volume = 653,
    pages = {545-557}
}

@ARTICLE{CUMM_ETAL06, 
   author = {{Cumming}, A. and {Macbeth}, J. and {in 't Zand}, J.~J.~M. and {Page}, D.},
    title = "{Long Type I X-Ray Bursts and Neutron Star Interior Physics}",
  journal = APJ,
     year = 2006,
    month = jul,
   volume = 646,
    pages = {429-451}
}

@INPROCEEDINGS{WOO_WEAV84,
   author    = {{Woosley}, S.~E. and {Weaver}, T.~A.},
   title     = "{Repeated Thermonuclear Flashes on an Accreting Neutron Star}",
   booktitle = {American Institute of Physics Conference Series},
   pages     = {273-+},
   year      = 1984,
   editor    = {{Woosley}, S.~E.},
   volume    = 115,
   series    = {American Institute of Physics Conference Series}
}

@ARTICLE{TAAM_ETAL93,
   author  = {{Taam}, R.~E. and {Woosley}, S.~E. and {Weaver}, T.~A. and {Lamb}, D.~Q.},
   title   = "{Successive X-ray bursts from accreting neutron stars}",
   journal = {\apj},
   year    = 1993,
   volume  = 413,
   pages   = {324-332},
   month   = aug
}

@ARTICLE{HEG_ETAL07,
   author  = {{Heger}, A. and {Cumming}, A. and {Galloway}, D.~K. and {Woosley}, S.~E.},
   title   = "{Models of Type I X-Ray Bursts from GS 1826-24: A Probe of rp-Process Hydrogen Burning}",
   journal = {\apj},
   year    = 2007,
   volume  = 671,
   pages   = {L141-L144},
   month   = dec
}

@InBook{STRO_BILD06,
   author = {{Strohmayer}, T. and {Bildsten}, L.},
   editor = {{Lewin}, W.~H.~G and {van der Klis}, M.},
   title = {Compact Stellar X-Ray Sources},
   publisher = {Cambridge: Cambridge Univ. Press},
   year = 2006,
   pages = {113-+}
}

@ARTICLE{SHARA82,
   author = {{Shara}, M.~M.},
   title = "{Localized thermonuclear runaways and volcanoes on degenerate dwarf stars}",
   journal = {\apj},
   volume = 261,
   pages = {649-660},
   month = oct,
   year = 1982
}

@ARTICLE{ZINGALE_ETAL01,
   author = {{Zingale}, M. and {Timmes}, F.~X. and {Fryxell}, B. and {Lamb}, D.~Q. and {Olson}, K. and {Calder}, A.~C. and {Dursi}, L.~J. and {Ricker}, P. and {Rosner}, R. and {MacNeice}, P. and {Tufo}, H.~M.},
   title = "{Helium Detonations on Neutron Stars}",
   journal = APJ:sup,
   year = 2001,
   volume = 133,
   pages = {195-220},
   month = mar
}

@Article{SPIT_ETAL02,
  author =       {{Spitkovsky}, A. and {Levin}, Y. and {Ushomirsky}, G.},
  title =        "{Propagation of Thermonuclear Flames on Rapidly Rotating Neutron Stars: Extreme Weather during Type I X-Ray Bursts}",
  journal =      apj,
  year =         {2002},
  volume =       {566},
  pages =        {1018-1038},
  month =        {feb}
}

@Article{STRO_ETAL96,
  author =       {{Strohmayer}, T.~E. and {Zhang}, W. and {Swank}, J.~H. and {Smale}, A. and {Titarchuk}, L. and {Day}, C. and {Lee}, U.},
  title =        "{Millisecond X-Ray Variability from an Accreting Neutron Star System}",
  journal =      {\apjl},
  year =         {1996},
  volume =       {469},
  pages =        {L9+},
  month =        {sep}
}

@ARTICLE{NAR_COOP07,
   author = {{Narayan}, R. and {Cooper}, R.~L.},
    title = "{Generation of Type I X-Ray Burst Oscillations by Unstable Surface Modes}",
  journal = {\apj},
   eprint = {arXiv:astro-ph/0702690},
 keywords = {Accretion, Accretion Disks, Stars: Neutron, X-Rays: Binaries, X-Rays: Bursts},
     year = 2007,
    month = aug,
   volume = 665,
    pages = {628-636},
      doi = {10.1086/519552},
   adsurl = {http://adsabs.harvard.edu/abs/2007ApJ...665..628N},
  adsnote = {Provided by the SAO/NASA Astrophysics Data System}
}

@ARTICLE{SWE_MYRA09,
   author = {{Swesty}, F.~D. and {Myra}, E.~S.},
    title = "{A Numerical Algorithm for Modeling Multigroup Neutrino-Radiation Hydrodynamics in Two Spatial Dimensions}",
  journal = {\apjs},
 keywords = {hydrodynamics, radiative transfer, methods: numerical, supernovae: general, stars: interiors},
     year = 2009,
    month = mar,
   volume = 181,
    pages = {1-52},
      doi = {10.1088/0067-0049/181/1/1},
   adsurl = {http://adsabs.harvard.edu/abs/2009ApJS..181....1S},
  adsnote = {Provided by the SAO/NASA Astrophysics Data System}
}

@ARTICLE{BHATTA10,
   author = {{Bhattacharyya}, S.},
    title = "{Measurement of neutron star parameters: a review of methods for low-mass X-ray binaries}",
  journal = {ArXiv e-prints 1001.1642},
archivePrefix = "arXiv",
   eprint = {1001.1642},
 keywords = {Astrophysics - High Energy Astrophysical Phenomena, Astrophysics - Galaxy Astrophysics},
     year = 2010,
    month = jan,
   adsurl = {http://adsabs.harvard.edu/abs/2010arXiv1001.1642B},
  adsnote = {Provided by the SAO/NASA Astrophysics Data System}
}

@INPROCEEDINGS{BILDSTEN00,
   author = {{Bildsten}, L.},
    title = "{Theory and observations of Type I X-Ray bursts from neutron stars}",
 keywords = {X-ray sources (astronomical), neutron stars, nuclear fusion, stellar internal processes, stellar radiation, accretion, stellar rotation, brightness},
booktitle = {American Institute of Physics Conference Series},
     year = 2000,
   series = {American Institute of Physics Conference Series},
   volume = 522,
   editor = "{S.~S.~Holt \& W.~W.~Zhang}",
    month = jun,
    pages = {359-369},
      doi = {10.1063/1.1291736},
   adsurl = {http://adsabs.harvard.edu/abs/2000AIPC..522..359B},
  adsnote = {Provided by the SAO/NASA Astrophysics Data System}
}

@ARTICLE{MUNO_ETAL02,
   author = {{Muno}, M.~P. and {Chakrabarty}, D. and {Galloway}, D.~K. and 
        {Psaltis}, D.}, 
    title = "{The Frequency Stability of Millisecond Oscillations in Thermonuclear X-Ray Bursts}",
  journal = {\apj},
   eprint = {arXiv:astro-ph/0204320},
 keywords = {Stars: Neutron, X-Rays: Bursts, X-Rays: Stars},
     year = 2002,
    month = dec,
   volume = 580,
    pages = {1048-1059},
      doi = {10.1086/343793},
   adsurl = {http://adsabs.harvard.edu/abs/2002ApJ...580.1048M},
  adsnote = {Provided by the SAO/NASA Astrophysics Data System}
}

@ARTICLE{BOHM-VITENSE58,
   author = {{B{\"o}hm-Vitense}, E.},
    title = "{{\"U}ber die Wasserstoffkonvektionszone in Sternen verschiedener Effektivtemperaturen und Leuchtkr{\"a}fte. Mit 5 Textabbildungen}",
  journal = {Zeitschrift fur Astrophysik},
     year = 1958,
   volume = 46,
    pages = {108-+},
   adsurl = {http://adsabs.harvard.edu/abs/1958ZA.....46..108B},
  adsnote = {Provided by the SAO/NASA Astrophysics Data System}
}

@ARTICLE{HEGER_ETAL00,
   author = {{Heger}, A. and {Langer}, N. and {Woosley}, S.~E.},
    title = "{Presupernova Evolution of Rotating Massive Stars. I. Numerical Method and Evolution of the Internal Stellar Structure}",
  journal = {\apj},
   eprint = {arXiv:astro-ph/9904132},
 keywords = {HYDRODYNAMICS, METHODS: NUMERICAL, STARS EARLY-TYPE, STARS: EVOLUTION, STARS: INTERIORS, STARS ROTATION},
     year = 2000,
    month = jan,
   volume = 528,
    pages = {368-396},
      doi = {10.1086/308158},
   adsurl = {http://adsabs.harvard.edu/abs/2000ApJ...528..368H},
  adsnote = {Provided by the SAO/NASA Astrophysics Data System}
}

@ARTICLE{ARNETT_ETAL09,
   author = {{Arnett}, W.~D. and {Meakin}, C. and {Young}, P.~A.},
    title = "{Convection Theory and Sub-photospheric Stratification}",
  journal = {ArXiv e-prints 0910.0821},
archivePrefix = "arXiv",
   eprint = {0910.0821},
 keywords = {Astrophysics - Solar and Stellar Astrophysics},
     year = 2009,
    month = oct,
   adsurl = {http://adsabs.harvard.edu/abs/2009arXiv0910.0821A},
  adsnote = {Provided by the SAO/NASA Astrophysics Data System}
}

@INPROCEEDINGS{ARNETT_ETAL08,
   author = {{Arnett}, D. and {Meakin}, C. and {Starrfield}, S. and {Timmes}, F. and 
        {Young}, P.},
    title = "{Theory and Numerics: New Results on Convection in Stars}",
 keywords = {stellar evolution, convection, hydrodynamics, stellar atmospheres, stars},
booktitle = {Evolution and Nucleosynthesis in AGB Stars},
     year = 2008,
   series = {American Institute of Physics Conference Series},
   volume = 1001,
   editor = "{R.~Guandalini, S.~Palmerini, \& M.~Busso}",
    month = apr,
    pages = {287-294},
      doi = {10.1063/1.2916977},
   adsurl = {http://adsabs.harvard.edu/abs/2008AIPC.1001..287A},
  adsnote = {Provided by the SAO/NASA Astrophysics Data System}
}

@ARTICLE{FRY_WOOS_DETONATION_82,
   author = {{Fryxell}, B.~A. and {Woosley}, S.~E.},
    title = "{A two-dimensional model for gamma-ray bursts}",
  journal = {\apj},
 keywords = {GAMMA RAY BURSTS, MAGNETOHYDRODYNAMIC FLOW, NEUTRON STARS, STELLAR MASS ACCRETION, THERMONUCLEAR REACTIONS, TWO DIMENSIONAL MODELS, DETONATION WAVES, HELIUM, HYDROGEN, STELLAR ATMOSPHERES, STELLAR MODELS},
     year = 1982,
    month = jul,
   volume = 258,
    pages = {733-739},
      doi = {10.1086/160121},
   adsurl = {http://adsabs.harvard.edu/abs/1982ApJ...258..733F},
  adsnote = {Provided by the SAO/NASA Astrophysics Data System}
}

@ARTICLE{FRY_WOOS_PROPAGATION_82,
   author = {{Fryxell}, B.~A. and {Woosley}, S.~E.},
    title = "{Finite propagation time in multidimensional thermonuclear runaways}",
  journal = {\apj},
 keywords = {DWARF NOVAE, GAMMA RAY BURSTS, NEUTRON STARS, STELLAR ENVELOPES, THERMONUCLEAR REACTIONS, X RAY SOURCES, HELIUM, PROPAGATION VELOCITY, SURFACE LAYERS, TIME RESPONSE, WHITE DWARF STARS},
     year = 1982,
    month = oct,
   volume = 261,
    pages = {332-336},
      doi = {10.1086/160344},
   adsurl = {http://adsabs.harvard.edu/abs/1982ApJ...261..332F},
  adsnote = {Provided by the SAO/NASA Astrophysics Data System}
}



@ARTICLE{CFL,
   author = {{Courant}, R. and {Friedrichs}, K. and {Lewy}, H.},
    title = "{\"Uber die pariellen Differenzegleichungen der mathematischen Physik}",
  journal = {Mathematische Annalen},
     year = 1928,
   volume = 100,
   number = 1,
    pages = {32-74}
}

@ARTICLE{Timmes00,
   author = {{Timmes}, F.~X.},
    title = "{Physical Properties of Laminar Helium Deflagrations}",
  journal = {\apj},
 keywords = {HYDRODYNAMICS, METHODS: NUMERICAL, NUCLEAR REACTIONS, NUCLEOSYNTHESIS; ABUNDANCES, STARS: INTERIORS},
     year = 2000,
    month = jan,
   volume = 528,
    pages = {913-945},
      doi = {10.1086/308203},
   adsurl = {http://adsabs.harvard.edu/abs/2000ApJ...528..913T},
  adsnote = {Provided by the SAO/NASA Astrophysics Data System},
     note = {Source code obtained from {\tt http://cococubed.asu.edu/code\_pages/kap.shtml}}
}

@ARTICLE{CUMMING_BILDSTEN_00,
   author = {{Cumming}, A. and {Bildsten}, L.},
    title = "{Rotational Evolution during Type I X-Ray Bursts}",
  journal = {\apj},
   eprint = {arXiv:astro-ph/0004347},
 keywords = {Accretion, Accretion Disks, Nuclear Reactions, Nucleosynthesis, Abundances, Stars: Neutron, Stars: Rotation, X-Rays: Bursts},
     year = 2000,
    month = nov,
   volume = 544,
    pages = {453-474},
      doi = {10.1086/317191},
   adsurl = {http://adsabs.harvard.edu/abs/2000ApJ...544..453C},
  adsnote = {Provided by the SAO/NASA Astrophysics Data System}
}

@ARTICLE{Kepler,
   author = {{Weaver}, T.~A. and {Zimmerman}, G.~B. and {Woosley}, S.~E.},
    title = "{Presupernova evolution of massive stars}",
  journal = {\apj},
 keywords = {ASTRONOMICAL MODELS, NUCLEAR FUSION, STELLAR EVOLUTION, STELLAR MASS, STELLAR STRUCTURE, SUPERNOVAE, ABUNDANCE, GIANT STARS, GRAVITATIONAL COLLAPSE, HYDROSTATICS, SILICON},
     year = 1978,
    month = nov,
   volume = 225,
    pages = {1021-1029},
      doi = {10.1086/156569},
   adsurl = {http://adsabs.harvard.edu/abs/1978ApJ...225.1021W},
  adsnote = {Provided by the SAO/NASA Astrophysics Data System}
}

@ARTICLE{CUMMING_03,
   author = {{Cumming}, A.},
    title = "{Models of Type I X-Ray Bursts from 4U 1820-30}",
  journal = {\apj},
   eprint = {arXiv:astro-ph/0306245},
 keywords = {Accretion, Accretion Disks, Stars: Individual: Alphanumeric: 4U 1820-30, Stars: Neutron, X-Rays: Bursts},
     year = 2003,
    month = oct,
   volume = 595,
    pages = {1077-1085},
      doi = {10.1086/377446},
   adsurl = {http://adsabs.harvard.edu/abs/2003ApJ...595.1077C},
  adsnote = {Provided by the SAO/NASA Astrophysics Data System}
}

@ARTICLE{FL87_XRB,
   author = {{Fushiki}, I. and {Lamb}, D.~Q.},
    title = "{New insights from a global view of X-ray bursts}",
  journal = {\apjl},
 keywords = {NEUTRON STARS, STELLAR MASS ACCRETION, STELLAR TEMPERATURE, X RAY SOURCES, ASTRONOMICAL MODELS, NUCLEAR FUELS, NUCLEAR REACTIONS},
     year = 1987,
    month = dec,
   volume = 323,
    pages = {L55-L60},
      doi = {10.1086/185056},
   adsurl = {http://adsabs.harvard.edu/abs/1987ApJ...323L..55F},
  adsnote = {Provided by the SAO/NASA Astrophysics Data System}
}

@ARTICLE{ppm-hse,
   author = {{Zingale}, M. and {Dursi}, L.~J. and {ZuHone}, J. and {Calder}, A.~C. and
        {Fryxell}, B. and {Plewa}, T. and {Truran}, J.~W. and {Caceres}, A. and
        {Olson}, K. and {Ricker}, P.~M. and {Riley}, K. and {Rosner}, R. and
        {Siegel}, A. and {Timmes}, F.~X. and {Vladimirova}, N.},
    title = "{Mapping Initial Hydrostatic Models in Godunov Codes}",
  journal = APJ:sup,
     year = 2002,
    month = dec,
   volume = 143,
    pages = {539-565}
}

@ARTICLE{pember_etal:1998,
   author = {{Pember}, R.~B. and {Howell}, L.~H. and {Bell}, J.~B. and {Colella}, P. and {Crutchfield}, C.~Y. and {Fiveland}, W.~A. and {Jessee}, J.~P.},
    title = "{An Adaptive Projection Method for Unsteady, Low-Mach Number Combustion}",
  journal = {Combustion Science and Technology},
     year = 1998,
   volume = 140,
    pages = {123-168}
}

@ARTICLE{Graboske_etal:1973,
   author = {{Graboske}, H.~C. and {Dewitt}, H.~E. and {Grossman}, A.~S. and {Cooper}, M.~S.},
    title = "{Screening Factors for Nuclear Reactions. 11. Intermediate Screen-Ing and Astrophysical Applications}",
  journal = {\apj},
     year = 1973,
    month = apr,
   volume = 181,
    pages = {457-474},
      doi = {10.1086/152062},
   adsurl = {http://adsabs.harvard.edu/abs/1973ApJ...181..457G},
  adsnote = {Provided by the SAO/NASA Astrophysics Data System}
}

@ARTICLE{Alastuey_Jancovici:1978,
   author = {{Alastuey}, A. and {Jancovici}, B.},
    title = "{Nuclear reaction rate enhancement in dense stellar matter}",
  journal = {\apj},
 keywords = {ASTROPHYSICS, MAGNETOHYDRODYNAMICS, NUCLEAR ASTROPHYSICS, REACTION KINETICS, THERMONUCLEAR REACTIONS, CORRELATION, NUCLEI (NUCLEAR PHYSICS), PERTURBATION THEORY, POTENTIAL THEORY, QUANTUM MECHANICS},
     year = 1978,
    month = dec,
   volume = 226,
    pages = {1034-1040},
      doi = {10.1086/156681},
   adsurl = {http://adsabs.harvard.edu/abs/1978ApJ...226.1034A},
  adsnote = {Provided by the SAO/NASA Astrophysics Data System}
}

@ARTICLE{ALTAMIRANO_ETAL10,
   author = {{Altamirano}, D. and {Watts}, A. and {Linares}, M. and {Markwardt}, C.~B. and {Strohmayer}, T. and {Patruno}, A.},
    title = "{Type I X-ray bursts and burst oscillations in the accreting millisecond X-ray pulsar IGR J17511-3057}",
  journal = {ArXiv e-prints},
archivePrefix = "arXiv",
   eprint = {1005.5299},
 keywords = {Astrophysics - High Energy Astrophysical Phenomena},
     year = 2010,
    month = may,
   adsurl = {http://adsabs.harvard.edu/abs/2010arXiv1005.5299A},
  adsnote = {Provided by the SAO/NASA Astrophysics Data System}
}



@BOOK{CoxGiuli,
   author = {{Cox}, J.~P. and {Giuli}, R.~T.},
    title = "{Principles of stellar structure}",
 keywords = {STARS: STRUCTURE},
booktitle = {New York, Gordon and Breach [1968]},
     year = 1968,
   editor = "{Cox, J.~P.~\& Giuli, R.~T.}",
   adsurl = {http://adsabs.harvard.edu/abs/1968QB801.C65......},
  adsnote = {Provided by the SAO/NASA Astrophysics Data System}
}

@article{Kesel_Win72,
author = {Kesel, Philip G. and Winninghoff, Francis J.},
title = {The Fleet Numerical Weather Central Operational Primitive-Equation Model},
journal = {Monthly Weather Review},
volume = {100},
number = {5},
pages = {360-373},
year = {1972},
doi = {10.1175/1520-0493(1972)100<0360:TFNWCO>2.3.CO;2},
URL = {http://journals.ametsoc.org/doi/abs/10.1175/1520-0493\%281972\%29100\%3C0360\%3ATFNWCO\%3E2.3.CO\%3B2},
eprint = {http://journals.ametsoc.org/doi/pdf/10.1175/1520-0493\%281972\%29100\%3C0360\%3ATFNWCO\%3E2.3.CO\%3B2}
}

@article{Perkey_Kreit76,
author = {Perkey, Donald J. and Kreitzberg, Carl W.},
title = {A Time-Dependent Lateral Boundary Scheme for Limited-Area Primitive Equation Models},
journal = {Monthly Weather Review},
volume = {104},
number = {6},
pages = {744-755},
year = {1976},
doi = {10.1175/1520-0493(1976)104<0744:ATDLBS>2.0.CO;2},
URL = {http://journals.ametsoc.org/doi/abs/10.1175/1520-0493\%281976\%29104\%3C0744\%3AATDLBS\%3E2.0.CO\%3B2},
eprint = {http://journals.ametsoc.org/doi/pdf/10.1175/1520-0493\%281976\%29104\%3C0744\%3AATDLBS\%3E2.0.CO\%3B2}
}

@article{Durran_Klemp83,
author = {Durran, Dale R. and Klemp, Joseph B.},
title = {A Compressible Model for the Simulation of Moist Mountain Waves},
journal = {Monthly Weather Review},
volume = {111},
number = {12},
pages = {2341-2361},
year = {1983},
doi = {10.1175/1520-0493(1983)111<2341:ACMFTS>2.0.CO;2},
URL = {http://journals.ametsoc.org/doi/abs/10.1175/1520-0493\%281983\%29111\%3C2341\%3AACMFTS\%3E2.0.CO\%3B2},
eprint = {http://journals.ametsoc.org/doi/pdf/10.1175/1520-0493\%281983\%29111\%3C2341\%3AACMFTS\%3E2.0.CO\%3B2}
}

@article{Chen_etal05,
author = {Chen, Chih-Chieh and Durran, Dale R. and Hakim, Gregory J.},
title = {Mountain-Wave Momentum Flux in an Evolving Synoptic-Scale Flow},
journal = {Journal of the Atmospheric Sciences},
volume = {62},
number = {9},
pages = {3213-3231},
year = {2005},
doi = {10.1175/JAS3543.1},
URL = {http://journals.ametsoc.org/doi/abs/10.1175/JAS3543.1},
eprint = {http://journals.ametsoc.org/doi/pdf/10.1175/JAS3543.1}
}

@BOOK{Kipp_Weigert,
   author = {{Kippenhahn}, R. and {Weigert}, A.},
    title = "{Stellar Structure and Evolution}",
 keywords = {SONNE, STERNENTWICKLUNG, STERNAUFBAU, STERNE, STELLAR STRUCTURE, STELLAR EVOLUTION, Sonne, Sternaufbau, Sterne, Sternentwicklung, stars, stellar models, sun},
booktitle = {Stellar Structure and Evolution, XVI, 468 pp.~192 figs..~ Springer-Verlag Berlin Heidelberg New York.~Also Astronomy and Astrophysics Library},
     year = 1994,
   editor = "{Kippenhahn, R.~\& Weigert, A.}",
   adsurl = {http://adsabs.harvard.edu/abs/1994sse..book.....K},
  adsnote = {Provided by the SAO/NASA Astrophysics Data System}
}

@ARTICLE{xrb,
   author = {{Malone}, C.~M. and {Nonaka}, A. and {Almgren}, A.~S. and {Bell}, J.~B. and 
{Zingale}, M.},
    title = "{Multidimensional Modeling of Type I X-ray Bursts. I. Two-dimensional Convection Prior to the Outburst of a Pure $^{4}$He Accretor}",
  journal = APJ,
archivePrefix = "arXiv",
   eprint = {1012.0609},
 primaryClass = "astro-ph.HE",
 keywords = {convection, hydrodynamics, methods: numerical, stars: neutron, X-rays: bursts},
     year = 2011,
    month = feb,
   volume = 728,
      eid = {118},
    pages = {118},
      doi = {10.1088/0004-637X/728/2/118},
   adsurl = {http://adsabs.harvard.edu/abs/2011ApJ...728..118M},
  adsnote = {Provided by the SAO/NASA Astrophysics Data System}
}


@ARTICLE{subchandra,
   author = {{Zingale}, M. and {Nonaka}, A. and {Almgren}, A.~S. and {Bell}, J.~B. and 
{Malone}, C.~M. and {Orvedahl}, R.~J.},
title = "{Low Mach Number Modeling of Convection in Helium Shells on Sub-Chandrasekhar White Dwarfs. I. Methodology}",
  journal = APJ,
archivePrefix = "arXiv",
   eprint = {1212.4380},
 primaryClass = "astro-ph.SR",
 keywords = {convection, hydrodynamics, methods: numerical, nuclear reactions, nucleosynthesis, abundances, supernovae: general, white dwarfs },
     year = 2013,
    month = feb,
   volume = 764,
      eid = {97},
    pages = {97},
      doi = {10.1088/0004-637X/764/1/97},
   adsurl = {http://adsabs.harvard.edu/abs/2013ApJ...764...97Z},
  adsnote = {Provided by the SAO/NASA Astrophysics Data System}
}

@ARTICLE{wdconvect,
   author = {{Zingale}, M. and {Nonaka}, A. and {Almgren}, A.~S. and {Bell}, J.~B. and 
	{Malone}, C.~M. and {Woosley}, S.~E.},
    title = "{The Convective Phase Preceding Type Ia Supernovae}",
  journal = APJ,
 keywords = {convection, hydrodynamics, methods: numerical, nuclear reactions, nucleosynthesis, abundances, supernovae: general, white dwarfs},
     year = 2011,
    month = oct,
   volume = 740,
      eid = {8},
    pages = {8},
      doi = {10.1088/0004-637X/740/1/8},
   adsurl = {http://adsabs.harvard.edu/abs/2011ApJ...740....8Z},
  adsnote = {Provided by the SAO/NASA Astrophysics Data System}
}


@ARTICLE{wdturb,
   author = {{Nonaka}, A. and {Aspden}, A.~J. and {Zingale}, M. and {Almgren}, A.~S. and 
{Bell}, J.~B. and {Woosley}, S.~E.},
    title = "{High-resolution Simulations of Convection Preceding Ignition in Type Ia Supernovae Using Adaptive Mesh Refinement}",
  journal = APJ,
archivePrefix = "arXiv",
   eprint = {1111.3086},
 primaryClass = "astro-ph.HE",
 keywords = {convection, hydrodynamics, methods: numerical, nuclear reactions, nucleosynthesis, abundances, supernovae: general, white dwarfs},
     year = 2012,
    month = jan,
   volume = 745,
      eid = {73},
    pages = {73},
      doi = {10.1088/0004-637X/745/1/73},
   adsurl = {http://adsabs.harvard.edu/abs/2012ApJ...745...73N},
  adsnote = {Provided by the SAO/NASA Astrophysics Data System}
}



@ARTICLE{wallacewoosley:1981,
   author = {{Wallace}, R.~K. and {Woosley}, S.~E.},
    title = "{Explosive hydrogen burning}",
  journal = {\apjs},
 keywords = {ABUNDANCE, ASTROPHYSICS, HYDROGEN, METALLIC STARS, NUCLEAR FUSION, REACTION KINETICS, STELLAR EVOLUTION, GAMMA RAYS, HIGH TEMPERATURE, ISOTOPES, NEUTRON STARS, NOVAE, RESONANCE, SUPERMASSIVE STARS, X RAY SOURCES},
     year = 1981,
    month = feb,
   volume = 45,
    pages = {389-420},
      doi = {10.1086/190717},
   adsurl = {http://adsabs.harvard.edu/abs/1981ApJS...45..389W},
  adsnote = {Provided by the SAO/NASA Astrophysics Data System}
}

@ARTICLE{lewin81,
   author = {{Lewin}, W.~H.~G. and {Joss}, P.~C.},
    title = "{X-ray bursters and the X-ray sources of the galactic bulge}",
  journal = {Space Science Reviews},
     year = 1981,
   volume = 28,
    pages = {3-87}
}

@ARTICLE{lewin93,
   author = {{Lewin}, W.~H.~G. and {van Paradijs}, J. and {Taam}, R.~E.},
    title = "{X-Ray Bursts}",
  journal = {Space Science Reviews},
     year = 1993,
   volume = 62,
    pages = {223}
}

@INPROCEEDINGS{strohmayerbildsten2003,
   author = {{Strohmayer}, T. and {Bildsten}, L.},
    title = "{New Views of Thermonuclear Bursts}",
booktitle = {Compact Stellar X-Ray Sources},
   editor = {{Lewin}, W.~H.~G. and {van der Klis}, M.},
  address = {Cambridge},
  publisher = {Cambridge University Press},
     year = 2005
}

@ARTICLE{fujimoto1981,
   author = {{Fujimoto}, M.~Y. and {Hanawa}, T. and {Miyaji}, S.},
    title = "{Shell flashes on accreting neutron stars and X-ray bursts}",
  journal = APJ,
 keywords = {NEUTRON STARS, NUCLEAR REACTIONS, STELLAR MASS ACCRETION, STELLAR\
 RADIATION, THERMAL STABILITY, X RAY SOURCES, CARBON, HELIUM, HYDROGEN, NITROG\
EN, OXYGEN},
     year = 1981,
   volume = 247,
    pages = {267-278},
      doi = {10.1086/159034},
   adsurl = {http://adsabs.harvard.edu/abs/1981ApJ...247..267F},
  adsnote = {Provided by the SAO/NASA Astrophysics Data System}
}

@ARTICLE{rpprocess,
   author = {{Schatz}, H. and {Aprahamian}, A. and {Barnard}, V. and {Bildsten}, L. and
{Cumming}, A. and {Ouellette}, M. and {Rauscher}, T. and {Thielemann}, {F.-K.} and
{Wiescher}, M.},
    title = "{End Point of the rp Process on Accreting Neutron Stars}",
  journal = {Physical Review Letters},
   eprint = {arXiv:astro-ph/0102418},
     year = 2001,
    month = apr,
   volume = 86,
    pages = {3471-3474},
      doi = {10.1103/PhysRevLett.86.3471},
   adsurl = {http://adsabs.harvard.edu/abs/2001PhRvL..86.3471S},
  adsnote = {Provided by the SAO/NASA Astrophysics Data System}
}


@ARTICLE{taam1980,
   author = {{Taam}, R.~E.},
    title = "{X-ray bursts from thermonuclear runaways on accreting neutron stars}",
  journal = APJ,
 keywords = {NEUTRON STARS, NUCLEAR FUSION, STELLAR ENVELOPES, STELLAR MASS ACCRETION, X RAY SOURCES, ABU\
NDANCE, CYANO COMPOUNDS, STELLAR EVOLUTION, STELLAR LUMINOSITY, STELLAR TEMPERATURE},
     year = 1980,
   volume = 241,
    pages = {358-366},
      doi = {10.1086/158348},
   adsurl = {http://adsabs.harvard.edu/abs/1980ApJ...241..358T},
  adsnote = {Provided by the SAO/NASA Astrophysics Data System}
}

@ARTICLE{taamwoosleylamb1996,
   author = {{Taam}, R.~E. and {Woosley}, S.~E. and {Lamb}, D.~Q.},
    title = "{The Effect of Deep Hydrogen Burning in the Accreted Envelope of a Neutron Star on the Prope\
rties of X-Ray Bursts}",
  journal = APJ,
 keywords = {NUCLEAR REACTIONS, NUCLEOSYNTHESIS, ABUNDANCES, STARS: INTERIORS, STARS: NEUTRON, X-RAYS: BU\
RSTS},
     year = 1996,
   volume = 459,
    pages = {271-+},
      doi = {10.1086/176890},
   adsurl = {http://adsabs.harvard.edu/abs/1996ApJ...459..271T},
  adsnote = {Provided by the SAO/NASA Astrophysics Data System}
}



@ARTICLE{schatz:rp1999,
   author = {{Schatz}, H. and {Bildsten}, L. and {Cumming}, A. and {Wiescher}, M.},
    title = "{The Rapid Proton Process Ashes from Stable Nuclear Burning on an Accreting Neutron Star}",
  journal = APJ,
   eprint = {arXiv:astro-ph/9905274},
 keywords = {ACCRETION, ACCRETION DISKS, NUCLEAR REACTIONS, NUCLEOSYNTHESIS, ABUNDANCES, STARS: NEUTRON, \
X-RAYS: BURSTS},
     year = 1999,
   volume = 524,
    pages = {1014-1029},
      doi = {10.1086/307837},
   adsurl = {http://adsabs.harvard.edu/abs/1999ApJ...524.1014S},
  adsnote = {Provided by the SAO/NASA Astrophysics Data System}
}

@Book{KipWei,
  author =       {Rudolf Kippenhahn and Alfred Weigert},
  title =        {Stellar Structure and Evolution},
  publisher =    {Springer Verlag},
  year =         {1992},
}

@ARTICLE{cavecchi:2012,
   author = {{Cavecchi}, Y. and {Watts}, A.~L. and {Braithwaite}, J. and 
{Levin}, Y.},
    title = "{Flame Propagation on the Surfaces of Rapidly Rotating Neutron Stars during Type I X-ray Bursts}",
  journal = {ArXiv e-prints},
archivePrefix = "arXiv",
   eprint = {1212.2872},
 primaryClass = "astro-ph.HE",
 keywords = {Astrophysics - High Energy Astrophysical Phenomena},
     year = 2012,
    month = dec,
   adsurl = {http://adsabs.harvard.edu/abs/2012arXiv1212.2872C},
  adsnote = {Provided by the SAO/NASA Astrophysics Data System}
}

@ARTICLE{kleinpauluis,
   author = {{Klein}, R. and {Pauluis}, O.},
    title = "{Thermodynamic Consistency of a Pseudoincompressible Approximation for General Equations of State}",
  journal = {Journal of Atmospheric Sciences},
     year = 2012,
    month = mar,
   volume = 69,
    pages = {961-968},
      doi = {10.1175/JAS-D-11-0110.1},
   adsurl = {http://adsabs.harvard.edu/abs/2012JAtS...69..961K},
  adsnote = {Provided by the SAO/NASA Astrophysics Data System}
}

@ARTICLE{vasil:2013,
   author = {{Vasil}, G.~M. and {Lecoanet}, D. and {Brown}, B.~P. and {Wood}, T.~S. and 
{Zweibel}, E.~G.},
    title = "{Energy conservation and gravity waves in sound-proof treatments of stellar interiors: Part II Lagrangian constrained analysis}",
  journal = {ArXiv e-prints},
archivePrefix = "arXiv",
   eprint = {1303.0005},
 primaryClass = "astro-ph.SR",
 keywords = {Astrophysics - Solar and Stellar Astrophysics, Astrophysics - Earth and Planetary Astrophysics, Physics - Atmospheric and Oceanic Physics, Physics - Fluid Dynamics},
     year = 2013,
    month = feb,
   adsurl = {http://adsabs.harvard.edu/abs/2013arXiv1303.0005V},
  adsnote = {Provided by the SAO/NASA Astrophysics Data System}
}


@ARTICLE{simonenko:2012,
   author = {{Simonenko}, V.~A. and {Gryaznykh}, D.~A. and {Litvinenko}, I.~A. and 
{Lykov}, V.~A. and {Shushlebin}, A.~N.},
    title = "{Mechanism of thermonuclear burning propagation in a helium layer on a neutron star surface: A refined model with heat conduction and subgrid turbulence}",
  journal = {Astronomy Letters},
 keywords = {X-ray bursts, thermonuclear burning, numerical simulations},
     year = 2012,
    month = may,
   volume = 38,
    pages = {305-320},
      doi = {10.1134/S1063773712050088},
   adsurl = {http://adsabs.harvard.edu/abs/2012AstL...38..305S},
  adsnote = {Provided by the SAO/NASA Astrophysics Data System}
}

@article{ReacLib,                                                   
  author={Richard H. Cyburt and A. Matthew Amthor and Ryan Ferguson
                  and Zach Meisel and Karl Smith and Scott Warren and
                  Alexander Heger and R. D. Hoffman and Thomas
                  Rauscher and Alexander Sakharuk and Hendrik Schatz
                  and F. K. Thielemann and Michael Wiescher},
  title={The JINA REACLIB Database: Its Recent Updates and Impact on
                  Type-I X-ray Bursts},
  journal={\apjs},
  volume={189},
  number={1},
  pages={240},
  url={http://stacks.iop.org/0067-0049/189/i=1/a=240},
  year={2010}
}


@article{maestroenergy,
  title = "{On New Low Mach Number Equations for Stratified Flows}",
 author = {{Almgren}, A.~S. and {Bell}, J.~B. and {Nonaka}, A. and {Zingale}, M.},
 year={2013},
 note={to be submitted to ApJ}
}

@ARTICLE{fisker:2008,
   author = {{Fisker}, J.~L. and {Schatz}, H. and {Thielemann}, F.-K.},
    title = "{Explosive Hydrogen Burning during Type I X-Ray Bursts}",
  journal = {\apjs},
 keywords = {Nuclear Reactions, Nucleosynthesis, Abundances, Stars: Neutron, X-Rays: Bursts},
     year = 2008,
    month = jan,
   volume = 174,
    pages = {261-276},
      doi = {10.1086/521104},
   adsurl = {http://adsabs.harvard.edu/abs/2008ApJS..174..261F},
  adsnote = {Provided by the SAO/NASA Astrophysics Data System}
}

@ARTICLE{parikh:2013,
   author = {{Parikh}, A. and {Jos{\'e}}, J. and {Sala}, G. and {Iliadis}, C.
},
    title = "{Nucleosynthesis in type I X-ray bursts}",
  journal = {Progress in Particle and Nuclear Physics},
archivePrefix = "arXiv",
   eprint = {1211.5900},
 primaryClass = "astro-ph.SR",
     year = 2013,
    month = mar,
   volume = 69,
    pages = {225-253},
      doi = {10.1016/j.ppnp.2012.11.002},
   adsurl = {http://adsabs.harvard.edu/abs/2013PrPNP..69..225P},
  adsnote = {Provided by the SAO/NASA Astrophysics Data System}
}

@ARTICLE{jose:2010,
   author = {{Jos{\'e}}, J. and {Moreno}, F. and {Parikh}, A. and {Iliadis}, C.
},
    title = "{Hydrodynamic Models of Type I X-ray Bursts: Metallicity Effects}",
  journal = {\apjs},
archivePrefix = "arXiv",
   eprint = {1005.4767},
 primaryClass = "astro-ph.SR",
 keywords = {hydrodynamics, nuclear reactions, nucleosynthesis, abundances, stars: neutron, X-rays: bursts},
     year = 2010,
    month = jul,
   volume = 189,
    pages = {204-239},
      doi = {10.1088/0067-0049/189/1/204},
   adsurl = {http://adsabs.harvard.edu/abs/2010ApJS..189..204J},
  adsnote = {Provided by the SAO/NASA Astrophysics Data System}
}

@ARTICLE{meakin:2007,
   author = {{Meakin}, C.~A. and {Arnett}, D.},
    title = "{Turbulent Convection in Stellar Interiors. I. Hydrodynamic Simulation}",
  journal = APJ,
   eprint = {astro-ph/0611315},
 keywords = {Hydrodynamics, Instabilities, Nuclear Reactions, Nucleosynthesis, Abundances, Stars: Evolution, Stars: General, Stars: Interiors, Stars: Supernovae: General, Turbulence, Waves},
     year = 2007,
    month = sep,
   volume = 667,
    pages = {448-475},
      doi = {10.1086/520318},
   adsurl = {http://adsabs.harvard.edu/abs/2007ApJ...667..448M},
  adsnote = {Provided by the SAO/NASA Astrophysics Data System}
}

@ARTICLE{arnett:2009,
   author = {{Arnett}, W. D. and {Meakin}, C. and {Young}, P.~A.},
    title = "{Turbulent Convection in Stellar Interiors. II. The Velocity Field}",
  journal = APJ,
archivePrefix = "arXiv",
   eprint = {0809.1625},
 keywords = {convection, hydrodynamics, stars: evolution, turbulence},
     year = 2009,
    month = jan,
   volume = 690,
    pages = {1715-1729},
      doi = {10.1088/0004-637X/690/2/1715},
   adsurl = {http://adsabs.harvard.edu/abs/2009ApJ...690.1715A},
  adsnote = {Provided by the SAO/NASA Astrophysics Data System}
}

@ARTICLE{intZand:2010,
   author = {{in 't Zand}, J.~J.~M. and {Weinberg}, N.~N.},
    title = "{Evidence of heavy-element ashes in thermonuclear X-ray bursts with photospheric superexpansion}",
  journal = AAP,
archivePrefix = "arXiv",
   eprint = {1001.0900},
 primaryClass = "astro-ph.HE",
 keywords = {X-rays: binaries, nuclear reactions, nucleosynthesis, abundances, stars: neutron, radiative transfer, X-rays: general},
     year = 2010,
    month = sep,
   volume = 520,
    pages = {A81+},
      doi = {10.1051/0004-6361/200913952},
   adsurl = {http://adsabs.harvard.edu/abs/2010A%26A...520A..81I},
  adsnote = {Provided by the SAO/NASA Astrophysics Data System}
}

@ARTICLE{bhattacharyya:2010,
   author = {{Bhattacharyya}, S. and {Miller}, M.~C. and {Galloway}, D.~K.},
    title = "{Systematic variation in the apparent burning area of thermonuclear bursts and its implication for neutron star radius measurement}",
  journal = MNRAS,
archivePrefix = "arXiv",
   eprint = {0908.4245},
 primaryClass = "astro-ph.HE",
 keywords = {nuclear reactions, nucleosynthesis, abundances, stars: fundamental parameters, stars: neutron, X-rays: binaries, X-rays: bursts},
     year = 2010,
    month = jan,
   volume = 401,
    pages = {2-6},
      doi = {10.1111/j.1365-2966.2009.15632.x},
   adsurl = {http://adsabs.harvard.edu/abs/2010MNRAS.401....2B},
  adsnote = {Provided by the SAO/NASA Astrophysics Data System}
}

@ARTICLE{vode,
  author={P. N. Brown and G. D. Byrne and A. C. Hindmarsh},
  title={{VODE}: A Variable Coefficient ODE Solver},
  journal={SIAM J. Sci. Stat. Comput.},
  volume={10},
  pages={1038-1051},
  year={1989}
}

@ARTICLE{intZand2011,
   author = {{in 't Zand}, J.},
    title = "{X-ray bursts and superbursts - recent developments}",
  journal = {ArXiv e-prints},
archivePrefix = "arXiv",
   eprint = {1102.3345},
 primaryClass = "astro-ph.HE",
 keywords = {Astrophysics - High Energy Astrophysical Phenomena},
     year = 2011,
    month = feb,
   adsurl = {http://adsabs.harvard.edu/abs/2011arXiv1102.3345I},
  adsnote = {Provided by the SAO/NASA Astrophysics Data System}
}

@ARTICLE{parikh:2014,
   author = {{Parikh}, A. and {Jose}, J. and {Sala}, G.},
    title = "{Classical novae and type I X-ray bursts: challenges for the 21st century}",
  journal = {ArXiv e-prints},
archivePrefix = "arXiv",
   eprint = {1401.5279},
 primaryClass = "astro-ph.SR",
 keywords = {Astrophysics - Solar and Stellar Astrophysics},
     year = 2014,
    month = jan,
   adsurl = {http://adsabs.harvard.edu/abs/2014arXiv1401.5279P},
  adsnote = {Provided by the SAO/NASA Astrophysics Data System}
}

@ARTICLE{galloway:2008,
   author = {{Galloway}, D.~K. and {Muno}, M.~P. and {Hartman}, J.~M. and {Psaltis}, D. and {Chakrabarty}, D.},
    title = "{Thermonuclear (Type I) X-Ray Bursts Observed by the Rossi X-Ray Timing Explorer}",
  journal = {\apjs},
   eprint = {astro-ph/0608259},
 keywords = {Nuclear Reactions, Nucleosynthesis, Abundances, Stars: Distances, Stars: Neutron, X-Rays: Bursts},
     year = 2008,
    month = dec,
   volume = 179,
    pages = {360-422},
      doi = {10.1086/592044},
   adsurl = {http://adsabs.harvard.edu/abs/2008ApJS..179..360G},
  adsnote = {Provided by the SAO/NASA Astrophysics Data System}
}

@ARTICLE{xrb2,
   author = {{Malone}, C.~M. and {Zingale}, M. and {Nonaka}, A. and {Almgren}, A.~S. and 
{Bell}, J.~B.},
    title = "{Multidimensional Modeling of Type I X-Ray Bursts. II. Two-dimensional Convection in a Mixed H/He Accretor}",
  journal = APJ,
 keywords = {convection, hydrodynamics, methods: numerical, stars: neutron, X-rays: bursts },
     year = 2014,
    month = jun,
   volume = 788,
      eid = {115},
    pages = {115},
      doi = {10.1088/0004-637X/788/2/115},
   adsurl = {http://adsabs.harvard.edu/abs/2014ApJ...788..115M},
  adsnote = {Provided by the SAO/NASA Astrophysics Data System}
}

@ARTICLE{yt,
   author = {{Turk}, M.~J. and {Smith}, B.~D. and {Oishi}, J.~S. and {Skory}, S. and 
{Skillman}, S.~W. and {Abel}, T. and {Norman}, M.~L.},
    title = "{yt: A Multi-code Analysis Toolkit for Astrophysical Simulation Data}",
  journal = {\apjs},
archivePrefix = "arXiv",
   eprint = {1011.3514},
 primaryClass = "astro-ph.IM",
 keywords = {cosmology: theory, methods: data analysis, methods: numerical},
     year = 2011,
    month = jan,
   volume = 192,
      eid = {9},
    pages = {9},
      doi = {10.1088/0067-0049/192/1/9},
   adsurl = {http://adsabs.harvard.edu/abs/2011ApJS..192....9T},
  adsnote = {Provided by the SAO/NASA Astrophysics Data System}
}

ARTICLE{steiner:2010,
   author = {{Steiner}, A.~W. and {Lattimer}, J.~M. and {Brown}, E.~F.},
    title = "{The Equation of State from Observed Masses and Radii of Neutron Stars}",
  journal = {\apj},
archivePrefix = "arXiv",
   eprint = {1005.0811},
 primaryClass = "astro-ph.HE",
 keywords = {dense matter, stars: neutron, X-rays: binaries, X-rays: bursts},
     year = 2010,
    month = oct,
   volume = 722,
    pages = {33-54},
      doi = {10.1088/0004-637X/722/1/33},
   adsurl = {http://adsabs.harvard.edu/abs/2010ApJ...722...33S},
  adsnote = {Provided by the SAO/NASA Astrophysics Data System}
}


@ARTICLE{steiner:2010,
   author = {{Steiner}, A.~W. and {Lattimer}, J.~M. and {Brown}, E.~F.},
    title = "{The Equation of State from Observed Masses and Radii of Neutron Stars}",
  journal = APJ,
archivePrefix = "arXiv",
   eprint = {1005.0811},
 primaryClass = "astro-ph.HE",
 keywords = {dense matter, stars: neutron, X-rays: binaries, X-rays: bursts },
     year = 2010,
    month = oct,
   volume = 722,
    pages = {33-54},
      doi = {10.1088/0004-637X/722/1/33},
   adsurl = {http://adsabs.harvard.edu/abs/2010ApJ...722...33S},
  adsnote = {Provided by the SAO/NASA Astrophysics Data System}
}

@ARTICLE{ozel:2010,
   author = {{{\"O}zel}, F. and {Baym}, G. and {G{\"u}ver}, T.},
    title = "{Astrophysical measurement of the equation of state of neutron star matter}",
  journal = {\prd},
archivePrefix = "arXiv",
   eprint = {1002.3153},
 primaryClass = "astro-ph.HE",
 keywords = {Neutron stars, Nuclear matter, Equations of state of neutron-star matter},
     year = 2010,
    month = nov,
   volume = 82,
   number = 10,
      eid = {101301},
    pages = {101301},
      doi = {10.1103/PhysRevD.82.101301},
   adsurl = {http://adsabs.harvard.edu/abs/2010PhRvD..82j1301O},
  adsnote = {Provided by the SAO/NASA Astrophysics Data System}
}


@ARTICLE{SciDac2005,
   author = {{Zingale}, M. and {Woosley}, S.~E. and {Bell}, J.~B. and {Day}, M.~S. and 
{Rendleman}, C.~A.},
    title = "{The physics of flames in Type Ia supernovae}",
  journal = {Journal of Physics Conference Series},
   eprint = {astro-ph/0507040},
     year = 2005,
    month = jan,
   volume = 16,
    pages = {405-409},
      doi = {10.1088/1742-6596/16/1/056},
   adsurl = {http://adsabs.harvard.edu/abs/2005JPhCS..16..405Z},
  adsnote = {Provided by the SAO/NASA Astrophysics Data System}
}

@ARTICLE{NK:1997,
   author = {{Niemeyer}, J.~C. and {Kerstein}, A.~R.},
    title = "{Burning regimes of nuclear flames in SN IA explosions}",
  journal = {\na},
     year = 1997,
    month = aug,
   volume = 2,
    pages = {239-244},
      doi = {10.1016/S1384-1076(97)00017-1},
   adsurl = {http://adsabs.harvard.edu/abs/1997NewA....2..239N},
  adsnote = {Provided by the SAO/NASA Astrophysics Data System}
}

@ARTICLE{ms_cc,
   author = {{Gilet}, C. and {Almgren}, A.~S. and {Bell}, J.~B. and {Nonaka}, A. and 
	{Woosley}, S.~E. and {Zingale}, M.},
    title = "{Low Mach Number Modeling of Core Convection in Massive Stars}",
  journal = APJ,
 keywords = {convection, hydrodynamics, methods: numerical, stars: interiors, turbulence },
     year = 2013,
    month = aug,
   volume = 773,
      eid = {137},
    pages = {137},
      doi = {10.1088/0004-637X/773/2/137},
   adsurl = {http://adsabs.harvard.edu/abs/2013ApJ...773..137G},
  adsnote = {Provided by the SAO/NASA Astrophysics Data System}
}

@ARTICLE{Fleck96,
   author = {{Fleck}, Jr., R.~C.},
    title = "{Scaling Relations for the Turbulent, Non--Self-gravitating, Neutral Component of the Interstellar Medium}",
  journal = {\apj},
 keywords = {HYDRODYNAMICS, ISM: CLOUDS, MAGNETOHYDRODYNAMICS: MHD, TURBULENCE},
     year = 1996,
    month = feb,
   volume = 458,
    pages = {739-+},
      doi = {10.1086/176853},
   adsurl = {http://adsabs.harvard.edu/abs/1996ApJ...458..739F},
  adsnote = {Provided by the SAO/NASA Astrophysics Data System}
}

@ARTICLE{Fleck83,
   author = {{Fleck}, Jr., R.~C.},
    title = "{A note on compressibility and energy cascade in turbulent molecular clouds}",
  journal = {\apjl},
 keywords = {COMPRESSIBILITY EFFECTS, INTERSTELLAR MATTER, MAGNETOHYDRODYNAMIC TURBULENCE, MOLECULAR CLOUDS, ENERGY TRANSFER, KOLMOGOROFF THEORY, SCALING LAWS, VELOCITY DISTRIBUTION},
     year = 1983,
    month = sep,
   volume = 272,
    pages = {L45-L48},
      doi = {10.1086/184114},
   adsurl = {http://adsabs.harvard.edu/abs/1983ApJ...272L..45F},
  adsnote = {Provided by the SAO/NASA Astrophysics Data System}
}

@ARTICLE{kercek,
   author = {{Kercek}, A. and {Hillebrandt}, W. and {Truran}, J.~W.},
    title = "{Two-dimensional simulations of the thermonuclear runaway in an accreted atmosphere of a C+O White Dwarf}",
  journal = {\aap},
   eprint = {astro-ph/9801054},
 keywords = {STARS: NOVAE, CATACLYSMIC VARIABLES, STARS: WHITE DWARFS, CONVECTION, HYDRODYNAMICS, NUCLEAR REACTIONS, NUCLEOSYNTHESIS, ABUNDANCES},
     year = 1998,
    month = sep,
   volume = 337,
    pages = {379-392},
   adsurl = {http://adsabs.harvard.edu/abs/1998A%26A...337..379K},
  adsnote = {Provided by the SAO/NASA Astrophysics Data System}
}

@ARTICLE{kercek2,
   author = {{Kercek}, A. and {Hillebrandt}, W. and {Truran}, J.~W.},
    title = "{Three-dimensional simulations of classical novae}",
  journal = {\aap},
   eprint = {astro-ph/9811259},
 keywords = {STARS: NOVAE, CATACLYSMIC VARIABLES, STARS: WHITE DWARFS, CONVECTION, HYDRODYNAMICS, NUCLEAR REACTIONS, NUCLEOSYNTHESIS, ABUNDANCES},
     year = 1999,
    month = may,
   volume = 345,
    pages = {831-840},
   adsurl = {http://adsabs.harvard.edu/abs/1999A%26A...345..831K},
  adsnote = {Provided by the SAO/NASA Astrophysics Data System}
}

@ARTICLE{Kraichnan67,
   author = {{Kraichnan}, R.~H.},
    title = "{Inertial Ranges in Two-Dimensional Turbulence}",
  journal = {Phys.~Fluids},
     year = 1967,
    month = july,
   volume = 10,
    pages = {1417--1423}
}

@ARTICLE{Leith68,
   author = {{Leith}, C.~E.},
    title = "{Diffusion Approximation for Two-Dimensional Turbulence}",
  journal = {Phys.~Fluids},
     year = 1968,
    month = mar,
   volume = 11,
    pages = {671--673}
}

@ARTICLE{Batchelor69,
   author = {{Batchelor}, G.~K.},
    title = "{Computation of the Energy Spectrum in Homogeneous Two-Dimensional Turbulence}",
  journal = {Phys.~Fluids},
     year = 1969,
    month = dec,
   volume = 12,
    pages = {II-233--II-239}
}

@ARTICLE{GT06,
   author = {{Gkioulekas}, E. and {Tung}, K.},
    title = "{Recent Developments in Understanding Two-dimensional Turbulence and the Nastrom-Gage Spectrum}",
  journal = {Journal of Low Temperature Physics},
     year = 2006,
   volume = 145,
    pages = {25--57}
}

@ARTICLE{ouellette:2012,
   author = {{Ouellette}, N.~T.},
    title = "{Turbulence in two dimensions}",
  journal = {Physics Today},
     year = 2012,
   volume = 65,
   number = 5,
    pages = {68},
      doi = {10.1063/PT.3.1570},
   adsurl = {http://adsabs.harvard.edu/abs/2012PhT....65e..68O},
  adsnote = {Provided by the SAO/NASA Astrophysics Data System}
}

@ARTICLE{ppm,
   author = {{Colella}, P. and {Woodward}, P.~R.},
    title = "{The Piecewise Parabolic Method (PPM) for Gas-Dynamical Simulations}",
  journal = {Journal of Computational Physics},
     year = 1984,
    month = sep,
   volume = 54,
    pages = {174-201},
      doi = {10.1016/0021-9991(84)90143-8},
   adsurl = {http://adsabs.harvard.edu/abs/1984JCoPh..54..174C},
  adsnote = {Provided by the SAO/NASA Astrophysics Data System}
}

@ARTICLE{ppmunsplit,
   author = {{Colella}, P.},
    title = "{Multidimensional upwind methods for hyperbolic conservation laws}",
  journal = {Journal of Computational Physics},
 keywords = {ADVECTION, BOUNDARY VALUE PROBLEMS, COMPUTATIONAL GRIDS, CONSERVATION LAWS, FINITE DIFFERENCE THEORY, HYPERBOLIC FUNCTIONS, ALGORITHMS, CAUCHY PROBLEM, PREDICTOR-CORRECTOR METHODS},
     year = 1990,
    month = mar,
   volume = 87,
    pages = {171-200},
      doi = {10.1016/0021-9991(90)90233-Q},
   adsurl = {http://adsabs.harvard.edu/abs/1990JCoPh..87..171C},
  adsnote = {Provided by the SAO/NASA Astrophysics Data System}
}

@ARTICLE{saltzman1994,
   author = {{Saltzman}, J.},
    title = "{An Unsplit 3D Upwind Method for Hyperbolic Conservation Laws}",
  journal = {Journal of Computational Physics},
     year = 1994,
    month = nov,
   volume = 115,
    pages = {153-168},
      doi = {10.1006/jcph.1994.1184},
   adsurl = {http://adsabs.harvard.edu/abs/1994JCoPh.115..153S},
  adsnote = {Provided by the SAO/NASA Astrophysics Data System}
}

@ARTICLE{arnett:2015,
   author = {{Arnett}, W.~D. and {Meakin}, C. and {Viallet}, M. and {Campbell}, S.~W. and
{Lattanzio}, J. and {Mo{\'c}ak}, M.},
    title = "{Beyond Mixing-length Theory: a step toward 321D}",
    journal = {ArXiv e-prints},
    archivePrefix = "arXiv",
    eprint = {1503.00342},
    primaryClass = "astro-ph.SR",
    keywords = {Astrophysics - Solar and Stellar Astrophysics},
    year = 2015,
    month = mar,
    adsurl = {http://adsabs.harvard.edu/abs/2015arXiv150300342A},
    adsnote = {Provided by the SAO/NASA Astrophysics Data System}
}


@ARTICLE{strang:1968,                                                           
  author = {{Strang}, G.},                                                      
  title = "{On the construction and comparison of difference schemes}",         
  year = 1968,                                                                  
  journal = "{SIAM J. Numerical Analysis}",                                     
  volume = 5,                                                                   
  pages = {506-517}                                                             
}     


@ARTICLE{muller:1986,
   author = {{M{\"u}ller}, E.},
    title = "{Nuclear-reaction networks and stellar evolution codes - The coupling of composition changes and energy release in explosive nuclear burning}",
  journal = AAP,
 keywords = {Abundance, Nuclear Astrophysics, Nuclear Fusion, Stellar Evolution, Stellar Physics, Energy Transfer, Entropy, Explosions, Newton-Raphson Method, Stellar Composition, Stellar Cores},
     year = 1986,
    month = jul,
   volume = 162,
    pages = {103-108},
   adsurl = {http://adsabs.harvard.edu/abs/1986A%26A...162..103M},
  adsnote = {Provided by the SAO/NASA Astrophysics Data System}
}

@ARTICLE{subchandra2,
   author = {{Jacobs}, A.~M. and {Zingale}, M. and {Nonaka}, A. and {Almgren}, A.~S. and 
	{Bell}, J.~B.},
    title = "{Low Mach Number Modeling of Convection in Helium Shells on Sub-Chandrasekhar White Dwarfs. II. Bulk Properties of Simple Models}",
  journal = APJ,
archivePrefix = "arXiv",
   eprint = {1507.06696},
 primaryClass = "astro-ph.HE",
 keywords = {convection, hydrodynamics, methods: numerical, nuclear reactions, nucleosynthesis, abundances, supernovae: general, white dwarfs},
     year = 2016,
    month = aug,
   volume = 827,
      eid = {84},
    pages = {84},
      doi = {10.3847/0004-637X/827/1/84},
   adsurl = {http://adsabs.harvard.edu/abs/2016ApJ...827...84J},
  adsnote = {Provided by the SAO/NASA Astrophysics Data System}
}

@ARTICLE{xrb3,
   author = {{Zingale}, M. and {Malone}, C.~M. and {Nonaka}, A. and {Almgren}, A.~S. and 
	{Bell}, J.~B.},
    title = "{Comparisons of Two- and Three-Dimensional Convection in Type I X-Ray Bursts}",
  journal = APJ,
archivePrefix = "arXiv",
   eprint = {1410.5796},
 primaryClass = "astro-ph.HE",
 keywords = {convection, hydrodynamics, methods: numerical, stars: neutron, X-rays: bursts},
     year = 2015,
    month = jul,
   volume = 807,
      eid = {60},
    pages = {60},
      doi = {10.1088/0004-637X/807/1/60},
   adsurl = {http://adsabs.harvard.edu/abs/2015ApJ...807...60Z},
  adsnote = {Provided by the SAO/NASA Astrophysics Data System}
}

@ARTICLE{tiling,
  author = {{Zhang}, W. and {Almgren}, A. and {Day}, M. and {Nguyen}, T. and
            {Shalf}, J. and {Unat}, D.},
  title = "{BoxLib with Tiling: An AMR Software Framework}",
 journal = {SIAM J. Scientific Computing},
  year = 2016,
  volume = 38,
  number = 5,
  pages = {S156--S172}
}

@ARTICLE{wdmergerI,
   author = {{Katz}, M.~P. and {Zingale}, M. and {Calder}, A.~C. and {Swesty}, F.~D. and 
	{Almgren}, A.~S. and {Zhang}, W.},
    title = "{White Dwarf Mergers on Adaptive Meshes. I. Methodology and Code Verification}",
  journal = APJ,
archivePrefix = "arXiv",
   eprint = {1512.06099},
 primaryClass = "astro-ph.HE",
 keywords = {hydrodynamics, methods: numerical, supernovae: general, white dwarfs},
     year = 2016,
    month = mar,
   volume = 819,
      eid = {94},
    pages = {94},
      doi = {10.3847/0004-637X/819/2/94},
   adsurl = {http://adsabs.harvard.edu/abs/2016ApJ...819...94K},
  adsnote = {Provided by the SAO/NASA Astrophysics Data System}
}

@ARTICLE{scidac-petascale,
   author = {{Almgren}, A. and {Bell}, J. and {Kasen}, D. and {Lijewski}, M. and 
	{Nonaka}, A. and {Nugent}, P. and {Rendleman}, C. and {Thomas}, R. and 
	{Zingale}, M.},
    title = "{MAESTRO, CASTRO, and SEDONA -- Petascale Codes for Astrophysical Applications}",
  journal = {Proceedings of SciDAC 2010},
archivePrefix = "arXiv",
   eprint = {1008.2801},
 primaryClass = "astro-ph.IM",
 keywords = {Astrophysics - Instrumentation and Methods for Astrophysics},
     year = 2010,
    month = aug,
   adsurl = {http://adsabs.harvard.edu/abs/2010arXiv1008.2801A},
  adsnote = {Provided by the SAO/NASA Astrophysics Data System}
}


@ARTICLE{malone:2014,
   author = {{Malone}, C.~M. and {Nonaka}, A. and {Woosley}, S.~E. and {Almgren}, A.~S. and 
	{Bell}, J.~B. and {Dong}, S. and {Zingale}, M.},
    title = "{The Deflagration Stage of Chandrasekhar Mass Models for Type Ia Supernovae. I. Early Evolution}",
  journal = APJ,
archivePrefix = "arXiv",
   eprint = {1309.4042},
 primaryClass = "astro-ph.SR",
 keywords = {convection, hydrodynamics, methods: numerical, nuclear reactions, nucleosynthesis, abundances, supernovae: general, white dwarfs},
     year = 2014,
    month = feb,
   volume = 782,
      eid = {11},
    pages = {11},
      doi = {10.1088/0004-637X/782/1/11},
   adsurl = {http://adsabs.harvard.edu/abs/2014ApJ...782...11M},
  adsnote = {Provided by the SAO/NASA Astrophysics Data System}
}

@ARTICLE{nyx,
   author = {{Almgren}, A.~S. and {Bell}, J.~B. and {Lijewski}, M.~J. and 
	{Luki{\'c}}, Z. and {Van Andel}, E.},
    title = "{Nyx: A Massively Parallel AMR Code for Computational Cosmology}",
  journal = APJ,
archivePrefix = "arXiv",
   eprint = {1301.4498},
 primaryClass = "astro-ph.IM",
 keywords = {gravitation, hydrodynamics, methods: numerical },
     year = 2013,
    month = mar,
   volume = 765,
      eid = {39},
    pages = {39},
      doi = {10.1088/0004-637X/765/1/39},
   adsurl = {http://adsabs.harvard.edu/abs/2013ApJ...765...39A},
  adsnote = {Provided by the SAO/NASA Astrophysics Data System}
}

@ARTICLE{hillebrandtniemeyer2000,
  author =       {Wolfgang Hillebrandt and Jens C. Niemeyer},
  journal =      {Annu. Rev. Astron. Astrophys},
  title =        {{T}ype~{I}a supernova explosion models},
  year =         {2000},
  pages = {191--230},
  volume = {38}
}

@ARTICLE{woosley-xrb,
   author = {{Woosley}, S.~E. and {Heger}, A. and {Cumming}, A. and {Hoffman}, R.~D. and
             {Pruet}, J. and {Rauscher}, T. and {Fisker}, J.~L. and {Schatz}, H. and
             {Brown}, B.~A. and {Wiescher}, M.},
    title = "{Models for Type I X-Ray Bursts with Improved Nuclear Physics}",
  journal = APJ:sup,
 keywords = {Nuclear Reactions, Nucleosynthesis, Abundances, Stars: Neutron, X-Rays: Bursts},
     year = 2004,
   volume = 151,
    pages = {75-102},
      doi = {10.1086/381533},
   adsurl = {http://adsabs.harvard.edu/abs/2004ApJS..151...75W},
  adsnote = {Provided by the SAO/NASA Astrophysics Data System}
}


@ARTICLE{castro-ccsne,
   author = {{Dolence}, J.~C. and {Burrows}, A. and {Zhang}, W.},
    title = "{Two-dimensional Core-collapse Supernova Models with Multi-dimensional Transport}",
  journal = APJ,
archivePrefix = "arXiv",
   eprint = {1403.6115},
 primaryClass = "astro-ph.SR",
 keywords = {supernovae: general, hydrodynamics, neutrinos, stars: interiors },
     year = 2015,
    month = feb,
   volume = 800,
      eid = {10},
    pages = {10},
      doi = {10.1088/0004-637X/800/1/10},
   adsurl = {http://adsabs.harvard.edu/abs/2015ApJ...800...10D},
  adsnote = {Provided by the SAO/NASA Astrophysics Data System}
}


@ARTICLE{castro-pairinstability,
   author = {{Chen}, K.-J. and {Heger}, A. and {Woosley}, S. and {Almgren}, A. and 
	{Whalen}, D.~J.},
    title = "{Pair Instability Supernovae of Very Massive Population III Stars}",
  journal = APJ,
archivePrefix = "arXiv",
   eprint = {1402.5960},
 primaryClass = "astro-ph.HE",
 keywords = {cosmology: theory, early universe, galaxies: formation, galaxies: high-redshift, hydrodynamics, quasars: supermassive black holes, stars: early-type, supernovae: general},
     year = 2014,
    month = sep,
   volume = 792,
      eid = {44},
    pages = {44},
      doi = {10.1088/0004-637X/792/1/44},
   adsurl = {http://adsabs.harvard.edu/abs/2014ApJ...792...44C},
  adsnote = {Provided by the SAO/NASA Astrophysics Data System}
}
