%% amrex
@article{AMReX,
  title={AMReX-Codes/amrex: AMReX},
  DOI={10.5281/zenodo.2555438},
  abstractNote={AMReX: Software Framework for Block Structured AMR},
  publisher={Zenodo},
  author={The AMReX Development Team and Almgren, Ann and Beckner, Vince and Blaschke, Johannes and Chan, Cy and Day, Marcus and Friesen, Brian and Gott, Kevin and Graves, Daniel and Katz, Maximilian and et al.},
  year={2019},
  month={Feb}}

%% algorithm development

@article{MAESTRO_I,
  title={Low Mach number modeling of Type Ia supernovae. I. Hydrodynamics},
  author={Almgren, Ann S and Bell, John B and Rendleman, Charles A and Zingale, Michael},
  journal={The Astrophysical Journal},
  volume={637},
  number={2},
  pages={922},
  year={2006},
  publisher={IOP Publishing}
}

@article{MAESTRO_II,
  title={Low Mach number modeling of Type Ia supernovae. II. energy evolution},
  author={Almgren, Ann S and Bell, John B and Rendleman, Charles A and Zingale, Mike},
  journal={The Astrophysical Journal},
  volume={649},
  number={2},
  pages={927},
  year={2006},
  publisher={IOP Publishing}
}

@article{MAESTRO_III,
  title={Low mach number modeling of Type Ia supernovae. III. reactions},
  author={Almgren, AS and Bell, JB and Nonaka, A and Zingale, M},
  journal={The Astrophysical Journal},
  volume={684},
  number={1},
  pages={449},
  year={2008},
  publisher={IOP Publishing}
}

@article{MAESTRO_IV,
  title={Low Mach number modeling of Type Ia supernovae. IV. White dwarf convection},
  author={Zingale, M and Almgren, AS and Bell, JB and Nonaka, A and Woosley, SE},
  journal={The Astrophysical Journal},
  volume={704},
  number={1},
  pages={196},
  year={2009},
  publisher={IOP Publishing}
}

@article{MAESTRO_V,
  title={MAESTRO: An adaptive low Mach number hydrodynamics algorithm for stellar flows},
  author={Nonaka, Andrew and Almgren, AS and Bell, JB and Lijewski, MJ and Malone, CM and Zingale, M},
  journal={The Astrophysical Journal Supplement Series},
  volume={188},
  number={2},
  pages={358},
  year={2010},
  publisher={IOP Publishing}
}

%% white dwarf convection

@article{MAESTRO_convection,
  title={The convective phase preceding Type Ia supernovae},
  author={Zingale, M and Nonaka, A and Almgren, AS and Bell, JB and Malone, CM and Woosley, SE},
  journal={The Astrophysical Journal},
  volume={740},
  number={1},
  pages={8},
  year={2011},
  publisher={IOP Publishing}
}

@article{MAESTRO_AMR,
  title={High-resolution simulations of convection preceding ignition in Type Ia supernovae using adaptive mesh refinement},
  author={Nonaka, A and Aspden, AJ and Zingale, M and Almgren, AS and Bell, JB and Woosley, SE},
  journal={The Astrophysical Journal},
  volume={745},
  number={1},
  pages={73},
  year={2011},
  publisher={IOP Publishing}
}

@article{MAESTRO_CASTRO,
  title={The deflagration stage of Chandrasekhar mass models for Type Ia supernovae. I. Early evolution},
  author={Malone, CM and Nonaka, A and Woosley, SE and Almgren, AS and Bell, JB and Dong, S and Zingale, M},
  journal={The Astrophysical Journal},
  volume={782},
  number={1},
  pages={11},
  year={2014},
  publisher={IOP Publishing}
}

%% massive star convection

@article{Gilet:2013,
  title={Low mach number modeling of core convection in massive stars},
  author={Gilet, C and Almgren, AS and Bell, JB and Nonaka, A and Woosley, SE and Zingale, M},
  journal={The Astrophysical Journal},
  volume={773},
  number={2},
  pages={137},
  year={2013},
  publisher={IOP Publishing}
}

%% sub-Chandra

@article{subChandra_I,
  title={Low mach number modeling of convection in helium shells on sub-chandrasekhar white dwarfs. I. Methodology},
  author={Zingale, M and Nonaka, A and Almgren, AS and Bell, JB and Malone, CM and Orvedahl, RJ},
  journal={The Astrophysical Journal},
  volume={764},
  number={1},
  pages={97},
  year={2013},
  publisher={IOP Publishing}
}

@article{subChandra_II,
  title={Low mach number modeling of convection in helium shells on sub-chandrasekhar white dwarfs. ii. bulk properties of simple models},
  author={Jacobs, Adam M and Zingale, Michael and Nonaka, Andy and Almgren, Ann S and Bell, John B},
  journal={The Astrophysical Journal},
  volume={827},
  number={1},
  pages={84},
  year={2016},
  publisher={IOP Publishing}
}

%% x-ray bursts

@article{XRB_I,
  title={Multidimensional modeling of Type I X-ray bursts. I. Two-dimensional convection prior to the outburst of a pure 4He accretor},
  author={Malone, CM and Nonaka, A and Almgren, AS and Bell, JB and Zingale, M},
  journal={The Astrophysical Journal},
  volume={728},
  number={2},
  pages={118},
  year={2011},
  publisher={IOP Publishing}
}

@article{XRB_II,
  title={Multidimensional modeling of Type I X-ray bursts. II. Two-dimensional convection in a mixed H/He accretor},
  author={Malone, CM and Zingale, M and Nonaka, A and Almgren, AS and Bell, JB},
  journal={The Astrophysical Journal},
  volume={788},
  number={2},
  pages={115},
  year={2014},
  publisher={IOP Publishing}
}

@article{XRB_III,
  title={Comparisons of Two-and Three-Dimensional Convection in Type I X-ray Bursts},
  author={Zingale, Michael and Malone, Christopher M and Nonaka, Andy and Almgren, Ann S and Bell, John B},
  journal={The Astrophysical Journal},
  volume={807},
  number={1},
  pages={60},
  year={2015},
  publisher={IOP Publishing}
}

%% low Mach reacting flow

@article{rehm1978equations,
  title={The equations of motion for thermally driven, buoyant flows},
  author={Rehm, Ronald G and Baum, Howard R},
  journal={Journal of Research of the NBS},
  volume={83},
  number={297-308},
  pages={2},
  year={1978}
}

@article{majda1985derivation,
  title={The derivation and numerical solution of the equations for zero Mach number combustion},
  author={MAJDA, ANDFREW and Sethian, James},
  journal={Combustion science and technology},
  volume={42},
  number={3-4},
  pages={185--205},
  year={1985},
  publisher={Taylor \& Francis}
}

@article{knio1999semi,
  title={A semi-implicit numerical scheme for reacting flow: II. Stiff, operator-split formulation},
  author={Knio, Omar M and Najm, Habib N and Wyckoff, Peter S},
  journal={Journal of Computational Physics},
  volume={154},
  number={2},
  pages={428--467},
  year={1999},
  publisher={Elsevier}
}

@article{day2000numerical,
  title={Numerical simulation of laminar reacting flows with complex chemistry},
  author={Day, Mark S and Bell, John B},
  journal={Combustion Theory and Modelling},
  volume={4},
  number={4},
  pages={535--556},
  year={2000},
  publisher={Taylor \& Francis}
}

@article{Bell:2004,
  title={Adaptive low Mach number simulations of nuclear flame microphysics},
  author={Bell, JB and Day, MS and Rendleman, CA and Woosley, SE and Zingale, MA},
  journal={Journal of Computational Physics},
  volume={195},
  number={2},
  pages={677--694},
  year={2004},
  publisher={Elsevier}
}

%% sdc

@article{dutt2000spectral,
  title={Spectral deferred correction methods for ordinary differential equations},
  author={Dutt, Alok and Greengard, Leslie and Rokhlin, Vladimir},
  journal={BIT Numerical Mathematics},
  volume={40},
  number={2},
  pages={241--266},
  year={2000},
  publisher={Springer}
}

@article{bourlioux2003high,
  title={High-order multi-implicit spectral deferred correction methods for problems of reactive flow},
  author={Bourlioux, Anne and Layton, Anita T and Minion, Michael L},
  journal={Journal of Computational Physics},
  volume={189},
  number={2},
  pages={651--675},
  year={2003},
  publisher={Elsevier}
}


@article{pazner2016high,
  title={A high-order spectral deferred correction strategy for low Mach number flow with complex chemistry},
  author={Pazner, Will E and Nonaka, Andrew and Bell, John B and Day, Marcus S and Minion, Michael L},
  journal={Combustion Theory and Modelling},
  volume={20},
  number={3},
  pages={521--547},
  year={2016},
  publisher={Taylor \& Francis}
}

@article{nonaka2018conservative,
  title={A conservative, thermodynamically consistent numerical approach for low Mach number combustion. Part I: Single-level integration},
  author={Nonaka, Andrew and Day, Marcus S and Bell, John B},
  journal={Combustion Theory and Modelling},
  volume={22},
  number={1},
  pages={156--184},
  year={2018},
  publisher={Taylor \& Francis}
}


%% low Mach apps

@article{duarte2015low,
  title={A low Mach number model for moist atmospheric flows},
  author={Duarte, Max and Almgren, Ann S and Bell, John B},
  journal={Journal of the Atmospheric Sciences},
  volume={72},
  number={4},
  pages={1605--1620},
  year={2015}
}

@article{abbate2017all,
  title={An all-speed relaxation scheme for gases and compressible materials},
  author={Abbate, Emanuela and Iollo, Angelo and Puppo, Gabriella},
  journal={Journal of Computational Physics},
  volume={351},
  pages={1--24},
  year={2017},
  publisher={Elsevier}
}


% advection

@article{colella1984piecewise,
  title={The piecewise parabolic method (PPM) for gas-dynamical simulations},
  author={Colella, Phillip and Woodward, Paul R},
  journal={Journal of computational physics},
  volume={54},
  number={1},
  pages={174--201},
  year={1984},
  publisher={Elsevier}
}

@article{colella1990multidimensional,
  title={Multidimensional upwind methods for hyperbolic conservation laws},
  author={Colella, Phillip},
  journal={Journal of Computational Physics},
  volume={87},
  number={1},
  pages={171--200},
  year={1990},
  publisher={Elsevier}
}

@article{saltzman1994unsplit,
  title={An unsplit 3D upwind method for hyperbolic conservation laws},
  author={Saltzman, Jeff},
  journal={Journal of Computational Physics},
  volume={115},
  number={1},
  pages={153--168},
  year={1994},
  publisher={Elsevier}
}

% projection methods

@article{almgren1998conservative,
  title={A conservative adaptive projection method for the variable density incompressible Navier--Stokes equations},
  author={Almgren, Ann S and Bell, John B and Colella, Phillip and Howell, Louis H and Welcome, Michael L},
  journal={Journal of computational Physics},
  volume={142},
  number={1},
  pages={1--46},
  year={1998},
  publisher={Elsevier}
}


@article{bell1989second,
  title={A second-order projection method for the incompressible Navier-Stokes equations},
  author={Bell, John B and Colella, Phillip and Glaz, Harland M},
  journal={Journal of Computational Physics},
  volume={85},
  number={2},
  pages={257--283},
  year={1989},
  publisher={Elsevier}
}

% future work related

@article{heger2000presupernova,
  title={Presupernova evolution of rotating massive stars. I. Numerical method and evolution of the internal stellar structure},
  author={Heger, Alexander and Langer, Norbert and Woosley, SE},
  journal={The Astrophysical Journal},
  volume={528},
  number={1},
  pages={368},
  year={2000},
  publisher={IOP Publishing}
}

@article{willcox2016type,
  title={Type Ia supernova explosions from hybrid carbon--oxygen--neon white dwarf progenitors},
  author={Willcox, Donald E and Townsley, Dean M and Calder, Alan C and Denissenkov, Pavel A and Herwig, Falk},
  journal={The Astrophysical Journal},
  volume={832},
  number={1},
  pages={13},
  year={2016},
  publisher={IOP Publishing}
}

@article{wood2018self,
  title={A self-consistent model of the solar tachocline},
  author={Wood, Toby S and Brummell, Nicholas H},
  journal={The Astrophysical Journal},
  volume={853},
  number={2},
  pages={97},
  year={2018},
  publisher={IOP Publishing}
}

@article{wood2015three,
  title={Three dimensional simulation of the magnetic stress in a neutron star crust},
  author={Wood, Toby S and Hollerbach, Rainer},
  journal={Physical Review Letters},
  volume={114},
  number={19},
  pages={191101},
  year={2015},
  publisher={APS}
}

@article{wood2011sun,
  title={The Sun's meridional circulation and interior magnetic field},
  author={Wood, Toby S and McCaslin, Jeremy O and Garaud, Pascale},
  journal={The Astrophysical Journal},
  volume={738},
  number={1},
  pages={47},
  year={2011},
  publisher={IOP Publishing}
}
